<?xml version="1.0" encoding="UTF-8"?>
<!DOCTYPE html PUBLIC "-//W3C//DTD XHTML 1.0 Transitional//EN"
    "http://www.w3.org/TR/xhtml1/DTD/xhtml1-transitional.dtd">
<html xmlns="http://www.w3.org/1999/xhtml" xml:lang="en" lang="en">
 <head>
  <title>
</title>
<meta http-equiv="Content-Type" content="text/html;charset=utf-8" />
  <meta name='ocr-system' content='tesseract 3.04.00' />
  <meta name='ocr-capabilities' content='ocr_page ocr_carea ocr_par ocr_line ocrx_word'/>
</head>
<body>
  <div class='ocr_page' id='page_1' title='image "./invectivalinico00salugoog/invectivalinico00salugoog_0114.png"; bbox 0 0 2981 4742; ppageno 0'>
   <div class='ocr_carea' id='block_1_1' title="bbox 2190 394 2308 481">
    <p class='ocr_par' dir='ltr' id='par_1_1' title="bbox 2190 394 2308 481">
     <span class='ocr_line' id='line_1_1' title="bbox 2190 394 2308 481; baseline 0 0"><span class='ocrx_word' id='word_1_1' title='bbox 2190 394 2308 481; x_wconf 81' lang='lat'>55</span> 
     </span>
    </p>
   </div>
   <div class='ocr_carea' id='block_1_2' title="bbox 476 529 2467 3875">
    <p class='ocr_par' dir='ltr' id='par_1_2' title="bbox 476 529 2467 3875">
     <span class='ocr_line' id='line_1_2' title="bbox 515 529 2359 649; baseline 0.001 -34"><span class='ocrx_word' id='word_1_2' title='bbox 515 529 735 617; x_wconf 89' lang='lat' dir='ltr'>nobis</span> <span class='ocrx_word' id='word_1_3' title='bbox 782 531 1156 649; x_wconf 75' lang='lat' dir='ltr'><strong>prolapsis</strong></span> <span class='ocrx_word' id='word_1_4' title='bbox 1199 533 1280 618; x_wconf 88' lang='lat' dir='ltr'>in</span> <span class='ocrx_word' id='word_1_5' title='bbox 1322 532 1780 618; x_wconf 82' lang='lat' dir='ltr'>servitutem</span> <span class='ocrx_word' id='word_1_6' title='bbox 1814 598 1837 640; x_wconf 92' lang='lat'>,</span> <span class='ocrx_word' id='word_1_7' title='bbox 1896 529 2359 643; x_wconf 81' lang='lat' dir='ltr'>dignitatem</span> 
     </span>
     <span class='ocr_line' id='line_1_3' title="bbox 511 660 2337 781; baseline 0.001 -38"><span class='ocrx_word' id='word_1_8' title='bbox 511 663 954 772; x_wconf 81' lang='lat' dir='ltr'>pristinam,</span> <span class='ocrx_word' id='word_1_9' title='bbox 995 693 1238 781; x_wconf 87' lang='lat' dir='ltr'>quam</span> <span class='ocrx_word' id='word_1_10' title='bbox 1278 663 1336 746; x_wconf 92' lang='lat' dir='ltr'>si</span> <span class='ocrx_word' id='word_1_11' title='bbox 1409 665 1426 682; x_wconf 76' lang='lat'><em>⁶</em></span> <span class='ocrx_word' id='word_1_12' title='bbox 1470 691 1611 773; x_wconf 87' lang='lat' dir='ltr'>per</span> <span class='ocrx_word' id='word_1_13' title='bbox 1654 691 1796 745; x_wconf 91' lang='lat' dir='ltr'>nos</span> <span class='ocrx_word' id='word_1_14' title='bbox 1836 685 2173 774; x_wconf 86' lang='lat' dir='ltr'>ereptam</span> <span class='ocrx_word' id='word_1_15' title='bbox 2218 660 2337 745; x_wconf 88' lang='lat' dir='ltr'>lu·</span> 
     </span>
     <span class='ocr_line' id='line_1_4' title="bbox 506 787 2341 902; baseline 0.002 -33"><span class='ocrx_word' id='word_1_16' title='bbox 506 814 722 898; x_wconf 85' lang='lat' dir='ltr'>geant</span> <span class='ocrx_word' id='word_1_17' title='bbox 751 857 774 898; x_wconf 95' lang='lat'>,</span> <span class='ocrx_word' id='word_1_18' title='bbox 819 820 1276 902; x_wconf 85' lang='lat' dir='ltr'>recuperare</span> <span class='ocrx_word' id='word_1_19' title='bbox 1366 791 1446 877; x_wconf 87' lang='lat' dir='ltr'>O</span> <span class='ocrx_word' id='word_1_20' title='bbox 1490 787 1823 872; x_wconf 86' lang='lat' dir='ltr'>verbum</span> <span class='ocrx_word' id='word_1_21' title='bbox 1864 789 2287 872; x_wconf 87' lang='lat' dir='ltr'>oratorium</span> <span class='ocrx_word' id='word_1_22' title='bbox 2316 853 2341 897; x_wconf 94' lang='lat'>,</span> 
     </span>
     <span class='ocr_line' id='line_1_5' title="bbox 501 914 2347 1026; baseline -0.001 -27"><span class='ocrx_word' id='word_1_23' title='bbox 501 920 804 1026; x_wconf 81' lang='lat' dir='ltr'>tyranni</span> <span class='ocrx_word' id='word_1_24' title='bbox 847 918 1189 1004; x_wconf 88' lang='lat' dir='ltr'>crudelis</span> <span class='ocrx_word' id='word_1_25' title='bbox 1227 914 2075 1024; x_wconf 83' lang='lat' dir='ltr'>exercitum,libertatis</span> <span class='ocrx_word' id='word_1_26' title='bbox 2115 945 2347 998; x_wconf 87' lang='lat' dir='ltr'>asser-</span> 
     </span>
     <span class='ocr_line' id='line_1_6' title="bbox 496 1043 2349 1165; baseline -0.002 -37"><span class='ocrx_word' id='word_1_27' title='bbox 496 1068 746 1131; x_wconf 85' lang='lat' dir='ltr'>torem</span> <span class='ocrx_word' id='word_1_28' title='bbox 779 1115 801 1155; x_wconf 94' lang='lat'>,</span> <span class='ocrx_word' id='word_1_29' title='bbox 841 1049 1062 1165; x_wconf 86' lang='lat' dir='ltr'>quod</span> <span class='ocrx_word' id='word_1_30' title='bbox 1103 1049 1200 1133; x_wconf 89' lang='lat' dir='ltr'>sit</span> <span class='ocrx_word' id='word_1_31' title='bbox 1243 1047 1672 1164; x_wconf 83' lang='lat' dir='ltr'><strong>plusquam</strong></span> <span class='ocrx_word' id='word_1_32' title='bbox 1713 1043 2178 1149; x_wconf 88' lang='lat' dir='ltr'>ridiculum,</span> <span class='ocrx_word' id='word_1_33' title='bbox 2219 1075 2349 1156; x_wconf 88' lang='lat' dir='ltr'>ap-</span> 
     </span>
     <span class='ocr_line' id='line_1_7' title="bbox 501 1173 2375 1288; baseline 0.003 -33"><span class='ocrx_word' id='word_1_34' title='bbox 501 1173 813 1285; x_wconf 84' lang='lat' dir='ltr'>pellare.</span> <span class='ocrx_word' id='word_1_35' title='bbox 883 1179 1123 1288; x_wconf 84' lang='lat' dir='ltr'>Quos</span> <span class='ocrx_word' id='word_1_36' title='bbox 1180 1176 1432 1261; x_wconf 90' lang='lat' dir='ltr'>credis</span> <span class='ocrx_word' id='word_1_37' title='bbox 1506 1174 1947 1287; x_wconf 82' lang='lat' dir='ltr'>legentibus</span> <span class='ocrx_word' id='word_1_38' title='bbox 2014 1175 2375 1261; x_wconf 80' lang='lat' dir='ltr'>stultitias</span> 
     </span>
     <span class='ocr_line' id='line_1_8' title="bbox 494 1297 2371 1410; baseline 0.002 -23"><span class='ocrx_word' id='word_1_39' title='bbox 494 1315 715 1410; x_wconf 80' lang='lat' dir='ltr'>tuas,</span> <span class='ocrx_word' id='word_1_40' title='bbox 755 1297 958 1390; x_wconf 74' lang='lat' dir='ltr'>dum</span> <span class='ocrx_word' id='word_1_41' title='bbox 984 1307 1084 1392; x_wconf 88' lang='lat' dir='ltr'>ad</span> <span class='ocrx_word' id='word_1_42' title='bbox 1127 1305 1208 1387; x_wconf 91' lang='lat' dir='ltr'>id</span> <span class='ocrx_word' id='word_1_43' title='bbox 1249 1305 1591 1390; x_wconf 84' lang='lat' dir='ltr'>verbum</span> <span class='ocrx_word' id='word_1_44' title='bbox 1622 1307 2032 1410; x_wconf 86' lang='lat' dir='ltr'>venerint,</span> <span class='ocrx_word' id='word_1_45' title='bbox 2084 1328 2160 1387; x_wconf 90' lang='lat' dir='ltr'>te</span> <span class='ocrx_word' id='word_1_46' title='bbox 2204 1335 2371 1390; x_wconf 89' lang='lat' dir='ltr'>mo-</span> 
     </span>
     <span class='ocr_line' id='line_1_9' title="bbox 495 1431 2368 1552; baseline 0.002 -37"><span class='ocrx_word' id='word_1_47' title='bbox 495 1455 966 1520; x_wconf 84' lang='lat' dir='ltr'>turum-esse</span> <span class='ocrx_word' id='word_1_48' title='bbox 993 1436 1452 1522; x_wconf 83' lang='lat' dir='ltr'>cachinnos?</span> <span class='ocrx_word' id='word_1_49' title='bbox 1481 1435 1737 1521; x_wconf 82' lang='lat' dir='ltr'>Miror</span> <span class='ocrx_word' id='word_1_50' title='bbox 1770 1433 1993 1552; x_wconf 90' lang='lat' dir='ltr'>quod</span> <span class='ocrx_word' id='word_1_51' title='bbox 2020 1431 2368 1551; x_wconf 88' lang='lat' dir='ltr'>aliquan-</span> 
     </span>
     <span class='ocr_line' id='line_1_10' title="bbox 476 1564 2367 1681; baseline 0 -35"><span class='ocrx_word' id='word_1_52' title='bbox 476 1565 609 1648; x_wconf 86' lang='lat' dir='ltr'>do</span> <span class='ocrx_word' id='word_1_53' title='bbox 651 1587 784 1650; x_wconf 89' lang='lat' dir='ltr'>tua</span> <span class='ocrx_word' id='word_1_54' title='bbox 823 1565 1012 1652; x_wconf 87' lang='lat' dir='ltr'>haec</span> <span class='ocrx_word' id='word_1_55' title='bbox 1053 1565 1396 1680; x_wconf 82' lang='lat' dir='ltr'>relegens</span> <span class='ocrx_word' id='word_1_56' title='bbox 1434 1630 1456 1674; x_wconf 95' lang='lat'>,</span> <span class='ocrx_word' id='word_1_57' title='bbox 1497 1589 1575 1658; x_wconf 81' lang='lat' dir='ltr'>te</span> <span class='ocrx_word' id='word_1_58' title='bbox 1660 1591 2071 1681; x_wconf 83' lang='lat' dir='ltr'>nunquam</span> <span class='ocrx_word' id='word_1_59' title='bbox 2137 1564 2367 1648; x_wconf 88' lang='lat' dir='ltr'>intel·</span> 
     </span>
     <span class='ocr_line' id='line_1_11' title="bbox 495 1693 2365 1809; baseline 0.002 -31"><span class='ocrx_word' id='word_1_60' title='bbox 495 1693 772 1782; x_wconf 86' lang='lat' dir='ltr'>lexeris</span> <span class='ocrx_word' id='word_1_61' title='bbox 811 1699 1179 1785; x_wconf 83' lang='lat' dir='ltr'>erravisse</span> <span class='ocrx_word' id='word_1_62' title='bbox 1207 1762 1227 1784; x_wconf 90' lang='lat'>.</span> <span class='ocrx_word' id='word_1_63' title='bbox 1271 1697 1480 1809; x_wconf 83' lang='lat' dir='ltr'>Quis</span> <span class='ocrx_word' id='word_1_64' title='bbox 1511 1762 1534 1803; x_wconf 88' lang='lat'>,</span> <span class='ocrx_word' id='word_1_65' title='bbox 1574 1695 1792 1779; x_wconf 88' lang='lat' dir='ltr'>enim</span> <span class='ocrx_word' id='word_1_66' title='bbox 1830 1761 1852 1801; x_wconf 94' lang='lat'>,</span> <span class='ocrx_word' id='word_1_67' title='bbox 1914 1723 2075 1778; x_wconf 87' lang='lat' dir='ltr'>non</span> <span class='ocrx_word' id='word_1_68' title='bbox 2144 1693 2365 1782; x_wconf 85' lang='lat' dir='ltr'>videt</span> 
     </span>
     <span class='ocr_line' id='line_1_12' title="bbox 495 1823 2362 1941; baseline -0.001 -32"><span class='ocrx_word' id='word_1_69' title='bbox 495 1856 734 1941; x_wconf 89' lang='lat' dir='ltr'>quam</span> <span class='ocrx_word' id='word_1_70' title='bbox 776 1829 1036 1941; x_wconf 88' lang='lat' dir='ltr'>inepte</span> <span class='ocrx_word' id='word_1_71' title='bbox 1100 1826 1631 1937; x_wconf 84' lang='lat' dir='ltr'>coniungatur</span> <span class='ocrx_word' id='word_1_72' title='bbox 1678 1823 2051 1909; x_wconf 84' lang='lat' dir='ltr'>exercitui</span> <span class='ocrx_word' id='word_1_73' title='bbox 2100 1846 2362 1935; x_wconf 82' lang='lat' dir='ltr'>tyran-</span> 
     </span>
     <span class='ocr_line' id='line_1_13' title="bbox 495 1951 2363 2063; baseline 0.002 -29"><span class='ocrx_word' id='word_1_74' title='bbox 495 1955 670 2038; x_wconf 83' lang='lat' dir='ltr'>nico</span> <span class='ocrx_word' id='word_1_75' title='bbox 709 1959 1025 2040; x_wconf 83' lang='lat' dir='ltr'>assertio</span> <span class='ocrx_word' id='word_1_76' title='bbox 1065 1953 1442 2039; x_wconf 80' lang='lat' dir='ltr'>libertatis</span> <span class='ocrx_word' id='word_1_77' title='bbox 1477 1953 1515 2038; x_wconf 78' lang='lat' dir='ltr'>P</span> <span class='ocrx_word' id='word_1_78' title='bbox 1562 1953 1770 2063; x_wconf 86' lang='lat' dir='ltr'>Quis</span> <span class='ocrx_word' id='word_1_79' title='bbox 1812 1983 1969 2036; x_wconf 87' lang='lat' dir='ltr'>non</span> <span class='ocrx_word' id='word_1_80' title='bbox 2024 1951 2229 2037; x_wconf 83' lang='lat' dir='ltr'>dieat</span> <span class='ocrx_word' id='word_1_81' title='bbox 2288 1977 2363 2038; x_wconf 86' lang='lat' dir='ltr'>te</span> 
     </span>
     <span class='ocr_line' id='line_1_14' title="bbox 495 2081 2363 2196; baseline -0.001 -28"><span class='ocrx_word' id='word_1_82' title='bbox 495 2081 635 2168; x_wconf 91' lang='lat' dir='ltr'>tibi</span> <span class='ocrx_word' id='word_1_83' title='bbox 675 2085 1154 2169; x_wconf 90' lang='lat' dir='ltr'>contrarium</span> <span class='ocrx_word' id='word_1_84' title='bbox 1195 2115 1358 2168; x_wconf 88' lang='lat' dir='ltr'>esse</span> <span class='ocrx_word' id='word_1_85' title='bbox 1390 2151 1412 2190; x_wconf 92' lang='lat'>,</span> <span class='ocrx_word' id='word_1_86' title='bbox 1456 2113 1650 2170; x_wconf 86' lang='lat' dir='ltr'>cum</span> <span class='ocrx_word' id='word_1_87' title='bbox 1694 2084 2075 2184; x_wconf 79' lang='lat' dir='ltr'>exercitu,</span> <span class='ocrx_word' id='word_1_88' title='bbox 2116 2111 2363 2196; x_wconf 87' lang='lat' dir='ltr'>quem</span> 
     </span>
     <span class='ocr_line' id='line_1_15' title="bbox 493 2210 2367 2317; baseline 0.001 -24"><span class='ocrx_word' id='word_1_89' title='bbox 493 2238 943 2296; x_wconf 85' lang='lat' dir='ltr'>assertorem</span> <span class='ocrx_word' id='word_1_90' title='bbox 973 2211 1354 2297; x_wconf 88' lang='lat' dir='ltr'>libertatis</span> <span class='ocrx_word' id='word_1_91' title='bbox 1378 2210 1601 2317; x_wconf 88' lang='lat' dir='ltr'>dicis,</span> <span class='ocrx_word' id='word_1_92' title='bbox 1630 2241 1774 2295; x_wconf 87' lang='lat' dir='ltr'>nos</span> <span class='ocrx_word' id='word_1_93' title='bbox 1803 2213 1881 2294; x_wconf 88' lang='lat' dir='ltr'>in</span> <span class='ocrx_word' id='word_1_94' title='bbox 1904 2215 2367 2295; x_wconf 86' lang='lat' dir='ltr'>servitutem</span> 
     </span>
     <span class='ocr_line' id='line_1_16' title="bbox 497 2335 2365 2454; baseline -0.001 -32"><span class='ocrx_word' id='word_1_95' title='bbox 497 2339 990 2454; x_wconf 84' lang='lat' dir='ltr'>prolapsuros</span> <span class='ocrx_word' id='word_1_96' title='bbox 1055 2371 1221 2425; x_wconf 86' lang='lat' dir='ltr'>esse</span> <span class='ocrx_word' id='word_1_97' title='bbox 1287 2335 1774 2425; x_wconf 76' lang='lat' dir='ltr'>confirmes?</span> <span class='ocrx_word' id='word_1_98' title='bbox 1844 2337 2203 2423; x_wconf 84' lang='lat' dir='ltr'>Assertor</span> <span class='ocrx_word' id='word_1_99' title='bbox 2266 2369 2365 2422; x_wconf 87' lang='lat' dir='ltr'>ne</span> 
     </span>
     <span class='ocr_line' id='line_1_17' title="bbox 493 2464 2365 2554; baseline 0 -4"><span class='ocrx_word' id='word_1_100' title='bbox 493 2467 874 2553; x_wconf 86' lang='lat' dir='ltr'>libertatis</span> <span class='ocrx_word' id='word_1_101' title='bbox 916 2471 996 2550; x_wconf 90' lang='lat' dir='ltr'>in</span> <span class='ocrx_word' id='word_1_102' title='bbox 1049 2471 1523 2554; x_wconf 87' lang='lat' dir='ltr'>servitutem</span> <span class='ocrx_word' id='word_1_103' title='bbox 1596 2466 1912 2553; x_wconf 77' lang='lat' dir='ltr'>trudit?</span> <span class='ocrx_word' id='word_1_104' title='bbox 1978 2464 2142 2550; x_wconf 87' lang='lat' dir='ltr'>Aut</span> <span class='ocrx_word' id='word_1_105' title='bbox 2205 2487 2365 2550; x_wconf 85' lang='lat' dir='ltr'>tam</span> 
     </span>
     <span class='ocr_line' id='line_1_18' title="bbox 493 2594 2368 2715; baseline 0.001 -36"><span class='ocrx_word' id='word_1_106' title='bbox 493 2594 718 2682; x_wconf 85' lang='lat' dir='ltr'>stulti</span> <span class='ocrx_word' id='word_1_107' title='bbox 758 2596 1056 2715; x_wconf 84' lang='lat' dir='ltr'>subditi</span> <span class='ocrx_word' id='word_1_108' title='bbox 1099 2597 1339 2682; x_wconf 85' lang='lat' dir='ltr'>nostri</span> <span class='ocrx_word' id='word_1_109' title='bbox 1379 2618 1616 2702; x_wconf 90' lang='lat' dir='ltr'>sunt,</span> <span class='ocrx_word' id='word_1_110' title='bbox 1691 2596 1917 2713; x_wconf 89' lang='lat' dir='ltr'>quod</span> <span class='ocrx_word' id='word_1_111' title='bbox 1992 2596 2368 2681; x_wconf 84' lang='lat' dir='ltr'>servitute</span> 
     </span>
     <span class='ocr_line' id='line_1_19' title="bbox 496 2723 2366 2843; baseline 0.001 -36"><span class='ocrx_word' id='word_1_112' title='bbox 496 2750 757 2811; x_wconf 87' lang='lat' dir='ltr'>nostra</span> <span class='ocrx_word' id='word_1_113' title='bbox 797 2750 1114 2842; x_wconf 85' lang='lat' dir='ltr'>sperent</span> <span class='ocrx_word' id='word_1_114' title='bbox 1159 2726 1533 2810; x_wconf 85' lang='lat' dir='ltr'>maiorem</span> <span class='ocrx_word' id='word_1_115' title='bbox 1564 2723 1854 2809; x_wconf 87' lang='lat' dir='ltr'>habere</span> <span class='ocrx_word' id='word_1_116' title='bbox 1881 2792 1902 2832; x_wconf 92' lang='lat'>,</span> <span class='ocrx_word' id='word_1_117' title='bbox 1944 2726 2183 2843; x_wconf 82' lang='lat' dir='ltr'>quam</span> <span class='ocrx_word' id='word_1_118' title='bbox 2224 2724 2366 2809; x_wconf 93' lang='lat' dir='ltr'>ob-</span> 
     </span>
     <span class='ocr_line' id='line_1_20' title="bbox 499 2852 2367 2963; baseline 0.001 -28"><span class='ocrx_word' id='word_1_119' title='bbox 499 2853 795 2939; x_wconf 87' lang='lat' dir='ltr'>tineant</span> <span class='ocrx_word' id='word_1_120' title='bbox 821 2922 844 2963; x_wconf 93' lang='lat'>,</span> <span class='ocrx_word' id='word_1_121' title='bbox 913 2852 1436 2944; x_wconf 79' lang='lat' dir='ltr'>libertatem?</span> <span class='ocrx_word' id='word_1_122' title='bbox 1499 2852 1680 2939; x_wconf 68' lang='lat' dir='ltr'>‘Sed</span> <span class='ocrx_word' id='word_1_123' title='bbox 1760 2852 2089 2939; x_wconf 88' lang='lat' dir='ltr'>ulterius</span> <span class='ocrx_word' id='word_1_124' title='bbox 2152 2882 2367 2939; x_wconf 78' lang='lat' dir='ltr'>acce-</span> 
     </span>
     <span class='ocr_line' id='line_1_21' title="bbox 497 2978 2362 3099; baseline 0 -34"><span class='ocrx_word' id='word_1_125' title='bbox 497 2979 770 3066; x_wconf 90' lang='lat' dir='ltr'>dentes</span> <span class='ocrx_word' id='word_1_126' title='bbox 825 2982 1291 3092; x_wconf 71' lang='lat' dir='ltr'>videamus,</span> <span class='ocrx_word' id='word_1_127' title='bbox 1330 2978 1739 3099; x_wconf 89' lang='lat' dir='ltr'>quomodo</span> <span class='ocrx_word' id='word_1_128' title='bbox 1782 2980 2072 3095; x_wconf 88' lang='lat' dir='ltr'>probes</span> <span class='ocrx_word' id='word_1_129' title='bbox 2100 2978 2362 3097; x_wconf 89' lang='lat' dir='ltr'>quod,</span> 
     </span>
     <span class='ocr_line' id='line_1_22' title="bbox 495 3108 2364 3215; baseline 0.002 -23"><span class='ocrx_word' id='word_1_130' title='bbox 495 3116 860 3195; x_wconf 86' lang='lat' dir='ltr'>manente</span> <span class='ocrx_word' id='word_1_131' title='bbox 937 3112 1424 3196; x_wconf 86' lang='lat' dir='ltr'>subiectione</span> <span class='ocrx_word' id='word_1_132' title='bbox 1494 3108 2030 3215; x_wconf 40' lang='lat' dir='ltr'>subditorum,</span> <span class='ocrx_word' id='word_1_133' title='bbox 2060 3133 2364 3195; x_wconf 88' lang='lat' dir='ltr'>nostro·</span> 
     </span>
     <span class='ocr_line' id='line_1_23' title="bbox 497 3235 2360 3355; baseline 0.003 -35"><span class='ocrx_word' id='word_1_134' title='bbox 497 3267 720 3345; x_wconf 88' lang='lat' dir='ltr'>rum,</span> <span class='ocrx_word' id='word_1_135' title='bbox 803 3238 996 3324; x_wconf 86' lang='lat' dir='ltr'>nihil</span> <span class='ocrx_word' id='word_1_136' title='bbox 1055 3240 1249 3355; x_wconf 85' lang='lat' dir='ltr'>ipsis</span> <span class='ocrx_word' id='word_1_137' title='bbox 1323 3240 1567 3355; x_wconf 88' lang='lat' dir='ltr'>possit</span> <span class='ocrx_word' id='word_1_138' title='bbox 1630 3268 1793 3323; x_wconf 89' lang='lat' dir='ltr'>esse</span> <span class='ocrx_word' id='word_1_139' title='bbox 1860 3235 2309 3323; x_wconf 87' lang='lat' dir='ltr'>iucundum</span> <span class='ocrx_word' id='word_1_140' title='bbox 2340 3302 2360 3325; x_wconf 90' lang='lat'><strong>.</strong></span> 
     </span>
     <span class='ocr_line' id='line_1_24' title="bbox 496 3366 2467 3488; baseline -0.002 -34"><span class='ocrx_word' id='word_1_141' title='bbox 496 3368 786 3463; x_wconf 82' lang='lat' dir='ltr'>Subdis</span> <span class='ocrx_word' id='word_1_142' title='bbox 828 3400 1197 3488; x_wconf 86' lang='lat' dir='ltr'>namque.</span> <span class='ocrx_word' id='word_1_143' title='bbox 1240 3370 1600 3478; x_wconf 88' lang='lat' dir='ltr'>Etenim,</span> <span class='ocrx_word' id='word_1_144' title='bbox 1649 3368 1851 3485; x_wconf 89' lang='lat' dir='ltr'>quid</span> <span class='ocrx_word' id='word_1_145' title='bbox 1891 3366 2356 3453; x_wconf 83' lang='lat' dir='ltr'>delectabile</span> <span class='ocrx_word' id='word_1_146' title='bbox 2460 3418 2467 3427; x_wconf 88' lang='lat'><strong>·</strong></span> 
     </span>
     <span class='ocr_line' id='line_1_25' title="bbox 496 3496 2357 3613; baseline -0.001 -33"><span class='ocrx_word' id='word_1_147' title='bbox 496 3496 754 3582; x_wconf 82' lang='lat' dir='ltr'>videri</span> <span class='ocrx_word' id='word_1_148' title='bbox 805 3522 1060 3613; x_wconf 88' lang='lat' dir='ltr'>potest</span> <span class='ocrx_word' id='word_1_149' title='bbox 1103 3500 1551 3585; x_wconf 88' lang='lat' dir='ltr'>miserrime</span> <span class='ocrx_word' id='word_1_150' title='bbox 1593 3498 1991 3605; x_wconf 84' lang='lat' dir='ltr'>servienti,</span> <span class='ocrx_word' id='word_1_151' title='bbox 2017 3498 2145 3582; x_wconf 86' lang='lat' dir='ltr'>cui</span> <span class='ocrx_word' id='word_1_152' title='bbox 2184 3526 2357 3609; x_wconf 88' lang='lat' dir='ltr'>spe-</span> 
     </span>
     <span class='ocr_line' id='line_1_26' title="bbox 495 3626 2351 3747; baseline 0.002 -38"><span class='ocrx_word' id='word_1_153' title='bbox 495 3626 790 3736; x_wconf 89' lang='lat' dir='ltr'>ciosae,</span> <span class='ocrx_word' id='word_1_154' title='bbox 817 3660 1296 3747; x_wconf 83' lang='lat' dir='ltr'>magnaeque</span> <span class='ocrx_word' id='word_1_155' title='bbox 1327 3630 1686 3717; x_wconf 84' lang='lat' dir='ltr'>fortunae</span> <span class='ocrx_word' id='word_1_156' title='bbox 1708 3694 1733 3739; x_wconf 93' lang='lat'>,</span> <span class='ocrx_word' id='word_1_157' title='bbox 1760 3658 1963 3746; x_wconf 87' lang='lat' dir='ltr'>quae</span> <span class='ocrx_word' id='word_1_158' title='bbox 1993 3654 2351 3739; x_wconf 84' lang='lat' dir='ltr'>magnam</span> 
     </span>
     <span class='ocr_line' id='line_1_27' title="bbox 498 3755 2357 3875; baseline 0.002 -39"><span class='ocrx_word' id='word_1_159' title='bbox 498 3755 768 3849; x_wconf 85' lang='lat' dir='ltr'>afferre</span> <span class='ocrx_word' id='word_1_160' title='bbox 807 3758 1058 3847; x_wconf 88' lang='lat' dir='ltr'>solent</span> <span class='ocrx_word' id='word_1_161' title='bbox 1100 3760 1597 3875; x_wconf 85' lang='lat' dir='ltr'>voluptatem</span> <span class='ocrx_word' id='word_1_162' title='bbox 1626 3824 1651 3869; x_wconf 93' lang='lat'>,</span> <span class='ocrx_word' id='word_1_163' title='bbox 1692 3782 1825 3845; x_wconf 85' lang='lat' dir='ltr'>aut</span> <span class='ocrx_word' id='word_1_164' title='bbox 1862 3784 2177 3843; x_wconf 86' lang='lat' dir='ltr'>summo</span> <span class='ocrx_word' id='word_1_165' title='bbox 2213 3755 2357 3841; x_wconf 89' lang='lat' dir='ltr'>do-</span> 
     </span>
    </p>
   </div>
  </div>
 </body>
</html>
