2981 4742
2047 379 2075 433 ι
2108 353 2205 440 13

428 494 808 578 omnibus
878 493 1277 600 privatis,
1345 517 1450 574 ac
1508 493 1867 600 publicis
1924 516 2272 605 praeter·

428 642 751 710 ceteras
793 640 1083 739 gentes
1127 625 1515 724 utimini,
1558 627 1649 705 in
1690 643 1971 709 mente
2029 634 2273 741 regia

430 751 768 868 aliquid
806 757 1302 863 suspicionis
1341 753 1721 865 affigere,
1776 785 1937 869 quo
2006 760 2277 861 ipsum

433 886 1014 988 abalienatum
1055 882 1678 994 aliquantulum
1720 913 1773 964 a
1826 885 2072 968 Duce
2138 887 2283 970 Li·-

432 1019 762 1128 gustico
803 1010 1277 1096 redderetis
1306 1073 1323 1093 .
1368 1010 1545 1096 Sed
1582 1015 1799 1094 absit
1832 1077 1855 1116 ‚
1924 1032 2016 1094 ut
2084 1034 2275 1101 tan-

436 1161 622 1226 tum
663 1161 980 1226 vestrae
1021 1145 1517 1236 temeritati,
1557 1159 1811 1259 atque
1849 1145 2285 1246 impuden-

438 1276 614 1355 tiae
655 1271 960 1356 datum
1001 1278 1138 1374 sit,
1182 1287 1273 1376 ut
1316 1267 1434 1353 ad
1475 1271 1915 1356 libidinem
1985 1285 2291 1364 mentis

442 1421 765 1488 vestrae
803 1431 1044 1487 arma
1086 1428 1251 1484 rex
1283 1423 1629 1501 moveat,
1661 1405 2131 1520 bellumque
2156 1439 2293 1494 su-

443 1538 784 1648 scipiat.
828 1535 1017 1618 Erit
1058 1536 1220 1618 sibi
1259 1549 1460 1616 ante
1501 1536 1776 1620 oculos
1804 1567 2092 1621 recens
2113 1539 2294 1641 foe-

447 1660 652 1771 dus,
692 1660 920 1782 qaod
971 1693 1124 1776 pro
1187 1666 1624 1776 utriusque
1682 1670 2099 1779 principis
2164 1667 2294 1754 di-

441 1797 778 1909 gnitate
815 1789 1296 1876 adnullius
1338 1797 1743 1877 iniuriam
1767 1860 1790 1899 ‚
1830 1815 2299 1910 atqueper·

445 1930 762 2008 niciem
838 1932 1105 2008 ictum
1187 1925 1359 2014 fuit
1391 1989 1414 2008 .
1495 1927 2087 2013 Obversabitur
2162 1937 2304 2018 avi

448 2059 768 2168 imago,
827 2060 1310 2170 gravissimi
1388 2055 1613 2141 illins
1678 2057 2152 2170 quondam,
2218 2078 2301 2145 et
2398 2149 2405 2154 ,

438 2184 1060 2294 =sapientissimi
1074 2189 1326 2298 regis,
1342 2188 1480 2268 eui
1506 2186 1709 2268 olim
1737 2193 1825 2270 in
1854 2191 2099 2273 rebus
2125 2187 2293 2295 dfi

434 2315 895 2426 ficillimis,
931 2312 1301 2435 adversis
1321 2346 1478 2431 que
1516 2297 2024 2427 tempotjibus
2059 2337 2309 2429 pater

460 2444 704 2528 huius
742 2444 1206 2533 Galeazius
1234 2443 1378 2528 ille
1417 2448 2021 2555 magnanimus
2050 2446 2299 2531 liber·-

462 2578 688 2659 rima
728 2571 1155 2657 voluntate
1194 2602 1281 2657 se
1321 2574 1671 2677 obtulit,
1711 2594 1791 2658 et
1832 2580 1998 2692 qua
2033 2585 2311 2689 potuit
2348 2628 2355 2637 ·

464 2732 616 2813 ope
657 2730 823 2786 non
863 2696 1184 2808 defuit.
1223 2696 1570 2785 Redibit
1609 2706 1699 2785 in
1726 2723 2090 2789 mentem
2118 2736 2313 2790 cum

467 2838 705 2949 regio
743 2836 1157 2948 sanguine
1196 2834 1395 2917 bina
1435 2836 1933 2920 coniunctio.
1976 2838 2312 2923 Subibit
2408 2852 2411 2859 '

471 2972 902 3068 animum,
941 2994 1185 3081 quem
1219 2965 1548 3074 putatis
1606 2967 1897 3048 vestris
1966 2967 2315 3050 menda-

473 3103 627 3183 ciis
667 3090 1081 3181 obsedisse
1113 3156 1138 3196 ,
1194 3096 1496 3177 veteris
1562 3095 1997 3178 amicitiae
2057 3124 2325 3178 recor-

469 3228 753 3333 datio,
789 3218 1408 3338 aliquandoque
1459 3226 1717 3305 etiam
1786 3245 2315 3339 recognoscet

475 3378 795 3447 vestras
848 3350 1208 3439 insidias
1237 3416 1260 3457 ‚
1326 3371 1408 3437 et
1474 3354 1899 3466 intelliget
1964 3386 2100 3439 vos
2161 3388 2318 3464 pro

478 3507 753 3574 vestm
793 3481 1154 3572 libidine
1190 3497 1371 3567 tam
1412 3482 1682 3569 multa
1722 3484 1831 3569 de
1871 3482 2085 3571 duce
2122 3492 2330 3596 opti-

477 3646 612 3699 mo
637 3682 662 3721 ‚
705 3634 786 3700 et
823 3616 1210 3723 principe
1247 3614 1717 3700 clarissimo
1779 3618 2041 3707 faisse
2106 3648 2335 3699 men·

474 3752 674 3835 titos
705 3808 726 3830 .
765 3748 1058 3859 Quare
1127 3770 1298 3853 non
1365 3744 1613 3829 modo
1680 3748 1851 3830 suis
1894 3749 2153 3853 copiis
2194 3776 2331 3835 vos
