2981 4742
2216 281 2365 401 167

588 413 886 500 venerit
922 409 1462 500 Romanorum
1492 410 1793 526 „Nulla
1837 443 2024 500 vero
2059 397 2246 528 gons
2287 448 2424 500 uu·

582 575 831 660 quam
868 543 1021 629 fuit
1052 611 1075 648 ,
1114 575 1316 660 quae
1343 567 1636 629 totam,
1673 547 2010 632 tenuerit
2076 543 2376 631 Italiam
2407 608 2427 631 .

583 672 891 758 Verum
932 674 1134 791 quid
1176 673 1495 758 rationis
1537 698 1677 792 est,
1721 677 1925 788 genti
1971 675 2374 758 victoriam
2408 740 2430 779 ‚

582 835 788 920 quae
829 801 1337 892 solummodo
1378 804 1532 887 Dei
1577 833 1870 890 munus
1903 828 2026 888 est
2058 866 2079 909 ,
2121 801 2220 884 ad
2277 803 2436 913 gio-

587 936 780 1018 riam
834 933 1297 1048 imputare?
1338 930 1419 1017 Si
1460 932 1789 1018 Romani
1837 934 2218 1018 ,vicerunt
2286 933 2430 1014 Ita-

582 1062 764 1160 liam
797 1131 819 1171 ,
858 1094 1046 1150 cum
1088 1093 1247 1179 qua
1284 1044 1728 1179 quitigentis
1767 1064 1986 1146 annis
2035 1063 2430 1146 continuis

516 1259 519 1262 -
580 1218 1183 1304 pugnaverunt3
1222 1195 1285 1275 si
1330 1217 1598 1305 postea
1639 1191 2003 1276 ducentis
2027 1193 2248 1274 anuis
2274 1193 2430 1278 Ro-

578 1325 791 1432 mani
830 1355 1015 1408 cum
1060 1319 1269 1433 Italis
1310 1324 1766 1407 universum
1795 1321 2070 1406 orbem
2101 1320 2429 1432 subege-

490 1521 497 1529 .
576 1476 813 1557 runt,
854 1453 1082 1567 plane
1128 1454 1278 1539 Dei
1320 1449 1631 1536 donum
1697 1450 1860 1536 dici
1925 1451 2218 1555 debet,
2283 1479 2429 1533 nee

575 1609 855 1692 expers
894 1582 1062 1667 talis
1103 1582 1388 1696 gloriae
1430 1581 1582 1666 fuit
1610 1647 1632 1686 ‚
1685 1607 1766 1671 et
1827 1611 2014 1666 cum
2084 1604 2429 1664 comatae

585 1707 900 1803 Galliae
940 1715 1189 1795 victae
1228 1734 1411 1796 sunt
1440 1777 1463 1816 ‚
1505 1709 1763 1810 Gallia
1809 1735 2072 1794 nostra
2101 1783 2108 1793 .
2135 1732 2386 1820 togata
2411 1777 2434 1816 ,

578 1835 719 1920 sed
762 1837 998 1924 simul
1040 1871 1227 1925 cum
1270 1843 1645 1926 Romanis
1675 1908 1696 1947 ‚
1739 1839 2208 1956 reliquaque
2274 1841 2424 1923 Ita-

582 1962 683 2048 lia
712 1966 1158 2052 Romanum
1195 1969 1619 2082 Imperium
1662 1971 1925 2072 armis,
1948 1966 2434 2083 infinitisque

576 2097 927 2195 victoriis
959 2099 1461 2210 pepererunt.¹
1488 2099 1730 2187 Nulla
1771 2107 2032 2184 tamen
2067 2099 2288 2181 -natio
2315 2121 2434 2180 to-

572 2216 730 2307 tius
768 2227 983 2310 orbis
1046 2229 1463 2341 imperium
1534 2253 1840 2344 praeter
1908 2229 2206 2314 ltaliam
2276 2229 2433 2312 Dei

573 2351 793 2437 dono
856 2357 1141 2439 meruit
1207 2357 1565 2443 obtinere
1595 2428 1618 2465 ‚
1653 2361 1733 2443 et'
1775 2356 2064 2444 meruit
2093 2424 2117 2466 ,
2159 2344 2432 2441 ⁸'credo

518 2548 550 2570 ι..
575 2482 989 2600 equidem,
1054 2486 1434 2603 quoniam
1501 2484 1721 2573 Deus
1786 2488 2059 2596 dedit;
2124 2486 2430 2571 donum

575 2615 789 2695 enim
875 2642 1036 2696 non
1117 2613 1392 2698 fuisset
1418 2681 1443 2720 ‚
1510 2618 1574 2699 si
1641 2646 1790 2730 pro
1852 2617 2152 2717 meriti-s
2180 2682 2205 2722 ,
2267 2646 2430 2701 uon

584 2741 847 2825 dantis
886 2744 1121 2855 gratia
1163 2742 1439 2827 datum
1482 2770 1702 2851 esset,
1733 2744 1870 2829 sed
1913 2743 2250 2831 iustitiae
2291 2744 2432 2828 de·-

582 2870 844 2956 bitum
875 2939 897 2979 ,
937 2872 1160 2989 quod
1205 2876 1473 2959 Deum
1527 2874 1875 2983 ‘reddere
1943 2906 2104 2959 non
2167 2878 2433 2988 potu-it

447 3094 451 3098 .
575 3001 1008 3115 obligatum
1037 3068 1058 3090 .
1104 3008 1190 3091 Si
1253 3035 1409 3120 qua
1478 3027 1740 3090 tamen
1807 3038 1893 3091 ea
1961 3005 2201 3119 gloria
2267 3030 2381 3091 est
2407 3076 2430 3113 ‚

576 3130 1116 3218 Romanorum
1149 3202 1170 3240 ,
1210 3160 1290 3221 et
1329 3134 1589 3233 Italiae
1631 3160 1748 3221 est
1779 3202 1799 3223 .
1838 3138 2199 3223 Primum
2251 3139 2431 3251 qui'-

474 3290 479 3294 ·
580 3261 767 3345 dem
815 3265 1317 3377 Assyriorum
1360 3254 1778 3383 imperium
1812 3339 1835 3375 ‚
1887 3269 2107 3391 quod
2169 3294 2247 3354 et
2289 3271 2431 3352 Ba-

536 3390 1043 3504 -bylonicum
1100 3396 1408 3481 dictum
1476 3422 1591 3483 est
1624 3467 1645 3505 ,
1688 3432 1728 3483 a
1771 3400 1986 3485 Nino
2026 3396 2189 3482 Beli
2257 3394 2428 3479 filio
2467 3474 2484 3494 ,

566 3524 898 3635 sumpsit
933 3526 1401 3637 auspicium,
1432 3551 1832 3645 totamque
1869 3529 2120 3611 tenuit
2137 3524 2430 3627 Asiam,

576 3676 782 3761 quae
860 3654 1216 3747 medium
1284 3682 1674 3771 terrarum
1737 3656 2010 3769 orbem
2079 3652 2430 3743 credi-mr
