2981 4742
623 513 804 574 uam
835 511 978 597 ,et
1043 490 1463 581 Gallorum
1530 525 1772 608 genus
1823 493 2461 612 gloriosissimum

529 681 534 684 -
623 618 1043 731 reminisci,
1079 627 1311 710 cuius
1350 627 1761 738 proprium
1802 653 1943 732 est,
1984 613 2497 740 regia·liber·³'
2548 711 2559 722 ,

621 767 781 832 tate
821 746 979 835 frui
1006 777 1452 866 ,tyrannos
1487 756 1801 864 odisse,
1840 789 1929 841 ae
1998 758 2213 840 velut
2286 759 2461 838 hor·
2532 801 2545 814 κ

576 906 580 914 ’
617 875 962 963 rendum
993 880 1306 1012 aliquid
1347 883 1779 1010 abominari
1838 885 1963 970 vel
1994 885 2467 978 levissimam

617 1007 1134 1104 servitutem.
1179 1013 1317 1121 Et,
1343 1003 1448 1099 ut
1488 1014 1589 1099 ad
1633 1046 1775 1099 uos
1840 1016 2211 1120 redeam,
2276 1047 2467 1102 cum

619 1157 914 1246 perstet
953 1139 1264 1224 animus
1294 1167 1777 1256 ,suppetant
1826 1146 2081 1252 vires,
2119 1082 2321 1230 adsit
2388 1171 2469 1230 et

619 1265 866 1391 virtus
891 1333 915 1375 ,
953 1265 1151 1354 fines
1193 1297 1499 1356 nostros
1539 1268 2017 1360 confidimus
2083 1308 2225 1360 uos
2300 1278 2469 1360 sine

619 1393 872 1482 dubio
909 1399 1326 1487 defensum
1368 1404 1482 1487 ire
1509 1466 1532 1491 .
1577 1403 1681 1488 Et
1722 1405 1945 1512 licet,
1988 1429 2079 1489 ut
2144 1405 2416 1492 subdis
2444 1471 2469 1510 ,

618 1545 707 1610 tu
745 1557 926 1613 sane
967 1560 1124 1614 uou
1178 1531 1446 1616 videas
1511 1553 1818 1616 tautum
1887 1535 2180 1618 virium
2250 1515 2473 1618 nobis

475 1649 480 1656 ’
571 1675 576 1682 “
620 1684 835 1766 esse,
877 1681 964 1743 ut
1005 1683 1353 1776 quatuor
1389 1662 1762 1779 equitum
1804 1661 2240 1774 legionibus
2268 1727 2292 1768 ‚
2354 1685 2476 1746 tot

621 1785 836 1870 enim
868 1852 892 1892 ,
931 1811 1024 1874 ut
1086 1789 1406 1905 inquis,
1471 1813 1741 1874 contra
1810 1821 1954 1875 nos
2022 1815 2475 1896 armantur,

621 1917 1012 2030 possimus
1075 1919 1432 2030 obstare,
1471 1919 1893 2031 videmus,
1950 1945 2030 2006 et
2096 1922 2474 2005 sentimus

619 2076 766 2134 uos
795 2113 820 2153 ,
858 2052 1000 2168 qui
1068 2054 1362 2138 seimus
1426 2043 1833 2138 audaciam
1899 2054 1981 2136 in
2050 2050 2263 2135 bello
2329 2065 2476 2162 pro

620 2207 856 2267 mrro
897 2181 1157 2270 haberi
1187 2249 1210 2292 ,
1250 2183 1390 2302 qui
1436 2184 1809 2272 novimus
1847 2184 2247 2268 victoriam
2306 2182 2465 2266 nou

617 2308 704 2395 iu
741 2314 1130 2401 exercitus
1171 2311 1749 2426 multitudine,
1790 2311 1998 2398 sed
1976 2344 2057 2398 ιιι
2111 2309 2473 2398 manibus
2558 2313 2569 2318 ’

616 2440 777 2526 Dei
816 2474 984 2529 esse
1011 2444 1218 2561 ‚qui
1257 2445 1549 2551 scimus
1590 2473 1737 2559 pro
1776 2430 2003 2529 uobis
2038 2471 2203 2526 esse
2254 2441 2475 2525 iusti-

619 2571 840 2680 tiam,
876 2574 1018 2692 qui
1035 2564 1600 2683 recordamur,
1638 2573 1862 2691 quod
1903 2598 1987 2657 ιιι
2034 2602 2322 2689 negas,
2325 2598 2473 2677 uos
2522 2686 2527 2693 ι

627 2716 876 2815 genus
911 2734 1081 2790 esse
1121 2706 1574 2791 Romanum
1605 2768 1632 2813 ,
1668 2703 1812 2820 qui
1838 2700 2181 2852 ‘legimus
2224 2690 2467 2785 maio-

628 2862 754 2919 res
805 2859 1115 2921 nostros
1168 2859 1434 2920 eontra
1462 2836 1626 2920 vim
1657 2832 2071 2917 maximam
2127 2826 2472 2915 hostium
2536 2843 2540 2847 ’

627 2962 1074 3077 saepissime
1114 2962 1480 3047 restitisse
1509 3025 1534 3070 ,
1575 2990 1974 3099 parvaque
2026 2988 2266 3045 manu
2308 2989 2469 3044 nou

627 3090 888 3179 solum
931 3090 1371 3177 defendisse
1401 3118 1525 3175 res
1548 3120 1777 3199 suas,
1814 3074 2018 3173 sed
1996 3101 2469 3205 insperatam

627 3216 988 3307 habuisse
1017 3217 1465 3308 victoriam.
1487 3218 1909 3323 Videmus,
1946 3241 2026 3302 et
2066 3221 2470 3326 sentimus,

622 3351 982 3470 iuquam,
1008 3348 1346 3468 uos,'qui
1387 3348 1673 3463 prioris
1708 3346 1899 3433 belli
1940 3344 2360 3452 fortunam,
2376 3350 2466 3433 'et

629 3484 932 3571 exitum
960 3480 1489 3591 recordamur,
1503 3504 1582 3567 et
1608 3481 2071 3590 scimus,nos
2101 3476 2202 3561 de
2219 3473 2471 3560 domi-

631 3616 718 3700 ni
747 3613 858 3700 tui
889 3612 1246 3700 manibus
1283 3608 1680 3720 Paduam,
1714 3633 1793 3695 et
1831 3604 2231 3727 quidquid
2269 3603 2499 3711 circi

632 3768 938 3835 montes
978 3740 1297 3831 tenebat
1338 3742 1761 3857 Euganeos
1801 3741 2117 3827 eruisse.
2158 3736 2471 3829 Scimus
