2981 4742
2195 349 2294 434 71

528 484 607 547 et
646 459 1109 547 altissimum
1146 456 1294 545 sibi
1346 440 1675 566 statum,
1713 478 1794 542 et
1856 453 2004 543 alia
2069 457 2376 568 multa,

534 622 739 708 quae
778 592 1146 678 scelerata
1186 589 1526 674 facinora
1569 589 1996 701 cogitantes
2021 588 2168 675 sibi
2198 619 2382 702 pro·

532 744 895 835 ponunt,
938 721 1397 837 quibusque
1440 716 1924 834 quandoque
1983 720 2376 833 promissis

530 850 867 962 potitum
897 843 2374 963 irisinedubitationeconfidunt,quae
2485 923 2494 929 ,

532 1002 830 1083 tamen,
872 979 1056 1064 licet
1112 977 1587 1095 plerumque
1655 1007 1928 1088 magna
1997 1009 2094 1063 ex
2157 1001 2378 1091 parte

533 1107 994 1214 succedant,
1032 1136 1347 1218 semper
1389 1108 1469 1188 in
1515 1138 1676 1189 uno
1715 1102 2140 1217 deficiunt3
2167 1135 2374 1189 nnn-

535 1239 1031 1351 quam·enim
1072 1235 1512 1349 proditores
1554 1232 2116 1323 confidentiam
2180 1264 2377 1320 asse-

535 1366 674 1480 qui
721 1386 1193 1479 potnerunt,
1234 1394 1545 1479 semper
1586 1394 1928 1481 namque
1995 1362 2377 1449 formido·

536 1493 680 1577 losi
720 1518 903 1580 sunt
944 1525 1043 1579 ne
1085 1494 1508 1580 redeuntes
1547 1488 1668 1578 ad*
1691 1494 2094 1604 ingenium
2122 1490 2372 1577 fidem

536 1648 946 1737 rumpant.
991 1626 1102 1711 Et
1144 1649 1233 1709 nt
1274 1624 1477 1711 bane
1519 1624 1980 1738 particulam
2045 1622 2373 1713 conclu·

534 1754 857 1861 damus,
894 1753 1138 1841 semel
1184 1755 1333 1839 Dei
1370 1754 1622 1867 digito
1658 1750 2002 1839 castrum
2041 1752 2244 1839 illud
2283 1756 2370 1841 in

534 1880 782 1967 fidem
826 1886 1556 2003 protectionemque
1603 1886 2085 1997 recepimus,
2138 1916 2378 1972 occu-

528 2036 843 2125 panteni
884 2013 1143 2126 ipsum
1190 2036 1522 2097 vestram
1566 2015 1912 2126 viperam
1955 2012 2382 2100 excluden-

532 2165 687 2251 tes,
729 2142 945 2227 nnlla
972 2172 1129 2256 -per
1170 2142 1321 2227 Dei
1366 2145 1689 2254 gratiam
1733 2173 2092 2258 unquam
2147 2144 2378 2256 oppi-

533 2273 929 2357 danorum
986 2271 1501 2357 rebellio-suit
1541 2298 1843 2380 secuta,
1881 2272 2021 2357 sed
2066 2288 2414 2384 semper·

532 2404 617 2486 in
646 2403 810 2486 tide
841 2402 1782 2520 manserunt.Aliquoties
1813 2433 1952 2516 per
1979 2403 2384 2515 improbos

539 2529 929 2647 quosdam
958 2530 1084 2615 cul
1094 2562 1189 2645 pa
1209 2597 1233 2639 ,
1259 2555 1341 2617 et
1366 2535 1656 2616 scelere
1685 2531 1993 2616 domini
2023 2531 2171 2636 tui,
2198 2560 2388 2617 cum

538 2663 620 2743 in
667 2663 856 2772 pace
896 2689 1165 2745 secum
1195 2690 1586 2770 essemus,
1611 2657 2075 2745 fraudulens
2103 2681 2391 2749 tentata
2427 2763 2430 2768 ¹

546 2789 945 2902 proditiog,
1012 2814 1091 2876 et
1143 2788 1275 2875 illa
1343 2815 1505 2876 tam
1569 2794 1727 2877 cito
1791 2814 2201 2904 properata
2268 2822 2389 2878 re-

537 2919 831 3026 bellio,
898 2918 1003 3004 de
1069 2950 1229 3037 qua
1292 2921 1571 3034 tangis,
1639 2916 1970 3004 rebellio
2037 2917 2376 3036 quidem

540 3075 955 3164 properata
995 3081 1153 3134 non
1195 3049 1387 3162 fuit3
1426 3051 1704 3164 viginti
1743 3072 2046 3164 septem
2076 3115 2102 3159 ,
2140 3050 2383 3158 enim,

544 3180 771 3263 annis
809 3182 966 3263 iam
1006 3180 1338 3289 exactis,
1362 3205 1780 3299 postquam
1811 3203 2154 3267 castrum
2181 3178 2390 3294 illud

550 3307 783 3404 nobis
823 3305 1187 3394 additum
1226 3333 1383 3421 est,
1421 3311 1940 3399 rebellionem
1977 3311 2387 3397 attentavit
2457 3366 2462 3371 -

548 3435 915 3549 proditor
953 3437 1085 3522 ille
1124 3443 1453 3554 patriae,
1490 3472 1734 3560 quem
1797 3442 2386 3556 magnanimum

546 3595 827 3675 vocas,
890 3568 1175 3656 melius
1239 3593 1534 3660 tamen.
1569 3573 2076 3689 praecipitem
2141 3567 2344 3655 dicis
2368 3635 2394 3680 ,

544 3725 708 3784 non
746 3698 1159 3792 desertum
1188 3769 1214 3815 ,
1256 3729 1348 3793 ut
1382 3704 1542 3814 ais,
1587 3703 1726 3790 sed
1767 3702 1998 3819 plane
2047 3697 2394 3786 deserto-
