<?xml version="1.0" encoding="UTF-8"?>
<!DOCTYPE html PUBLIC "-//W3C//DTD XHTML 1.0 Transitional//EN"
    "http://www.w3.org/TR/xhtml1/DTD/xhtml1-transitional.dtd">
<html xmlns="http://www.w3.org/1999/xhtml" xml:lang="en" lang="en">
 <head>
  <title>
</title>
<meta http-equiv="Content-Type" content="text/html;charset=utf-8" />
  <meta name='ocr-system' content='tesseract 3.04.00' />
  <meta name='ocr-capabilities' content='ocr_page ocr_carea ocr_par ocr_line ocrx_word'/>
</head>
<body>
  <div class='ocr_page' id='page_1' title='image "./invectivalinico00salugoog/invectivalinico00salugoog_0165.png"; bbox 0 0 2981 4742; ppageno 0'>
   <div class='ocr_carea' id='block_1_1' title="bbox 539 347 2502 1262">
    <p class='ocr_par' dir='ltr' id='par_1_1' title="bbox 539 347 2502 1262">
     <span class='ocr_line' id='line_1_1' title="bbox 691 347 2209 489; baseline -0.005 -38"><span class='ocrx_word' id='word_1_1' title='bbox 691 347 698 354; x_wconf 48' lang='grc'><strong>’</strong></span> <span class='ocrx_word' id='word_1_2' title='bbox 738 363 902 452; x_wconf 75' lang='grc' dir='ltr'><strong>1οὸ</strong></span> <span class='ocrx_word' id='word_1_3' title='bbox 2202 479 2209 489; x_wconf 28' lang='grc'><strong><em>’</em></strong></span> 
     </span>
     <span class='ocr_line' id='line_1_2' title="bbox 675 484 2497 622; baseline -0.002 -36"><span class='ocrx_word' id='word_1_4' title='bbox 675 501 827 588; x_wconf 79' lang='lat' dir='ltr'><strong>lani</strong></span> <span class='ocrx_word' id='word_1_5' title='bbox 838 569 860 613; x_wconf 89' lang='lat'>‚</span> <span class='ocrx_word' id='word_1_6' title='bbox 872 503 1324 622; x_wconf 76' lang='lat' dir='ltr'><strong>Comesque</strong></span> <span class='ocrx_word' id='word_1_7' title='bbox 1339 502 1453 587; x_wconf 69' lang='lat' dir='ltr'><strong>‘Pa</strong></span> <span class='ocrx_word' id='word_1_8' title='bbox 1462 484 1671 616; x_wconf 63' lang='lat' dir='ltr'><strong>piae?</strong></span> <span class='ocrx_word' id='word_1_9' title='bbox 1688 499 1969 586; x_wconf 74' lang='lat' dir='ltr'><strong>Factus</strong></span> <span class='ocrx_word' id='word_1_10' title='bbox 1996 521 2137 604; x_wconf 76' lang='lat' dir='ltr'><strong>est,</strong></span> <span class='ocrx_word' id='word_1_11' title='bbox 2156 487 2419 606; x_wconf 71' lang='lat' dir='ltr'><strong>fateor-3</strong></span> <span class='ocrx_word' id='word_1_12' title='bbox 2435 489 2497 582; x_wconf 85' lang='lat' dir='ltr'><strong>si</strong></span> 
     </span>
     <span class='ocr_line' id='line_1_3' title="bbox 539 621 2492 743; baseline -0.006 -20"><span class='ocrx_word' id='word_1_13' title='bbox 539 621 566 723; x_wconf 47' lang='lat'><strong>,⁸</strong></span> <span class='ocrx_word' id='word_1_14' title='bbox 665 634 1019 720; x_wconf 77' lang='lat' dir='ltr'>Comites</span> <span class='ocrx_word' id='word_1_15' title='bbox 1049 697 1075 742; x_wconf 90' lang='lat'><strong>,</strong></span> <span class='ocrx_word' id='word_1_16' title='bbox 1137 657 1374 743; x_wconf 79' lang='lat' dir='ltr'><strong>atque</strong></span> <span class='ocrx_word' id='word_1_17' title='bbox 1441 631 1707 714; x_wconf 85' lang='lat' dir='ltr'><strong>Duces</strong></span> <span class='ocrx_word' id='word_1_18' title='bbox 1770 631 1974 714; x_wconf 84' lang='lat' dir='ltr'><strong>inter</strong></span> <span class='ocrx_word' id='word_1_19' title='bbox 2039 653 2492 742; x_wconf 78' lang='lat' dir='ltr'><strong>spumantes</strong></span> 
     </span>
     <span class='ocr_line' id='line_1_4' title="bbox 659 761 2487 877; baseline -0.003 -31"><span class='ocrx_word' id='word_1_20' title='bbox 659 789 958 876; x_wconf 81' lang='lat' dir='ltr'><strong>pateras</strong></span> <span class='ocrx_word' id='word_1_21' title='bbox 985 829 1008 870; x_wconf 88' lang='lat'>‚</span> <span class='ocrx_word' id='word_1_22' title='bbox 1074 761 1951 877; x_wconf 74' lang='lat' dir='ltr'><strong>titub&#39;antemquevino</strong></span> <span class='ocrx_word' id='word_1_23' title='bbox 2017 787 2487 872; x_wconf 85' lang='lat' dir='ltr'><strong>procerum,-</strong></span> 
     </span>
     <span class='ocr_line' id='line_1_5' title="bbox 663 889 2491 1008; baseline -0.002 -32"><span class='ocrx_word' id='word_1_24' title='bbox 663 893 1213 1008; x_wconf 81' lang='lat' dir='ltr'><strong>nobiiiumque</strong></span> <span class='ocrx_word' id='word_1_25' title='bbox 1239 891 1728 995; x_wconf 82' lang='lat' dir='ltr'><strong>coronam‚in</strong></span> <span class='ocrx_word' id='word_1_26' title='bbox 1760 889 2072 1002; x_wconf 86' lang='lat' dir='ltr'><strong>Imperii</strong></span> <span class='ocrx_word' id='word_1_27' title='bbox 2106 889 2491 1000; x_wconf 85' lang='lat' dir='ltr'><strong>praeiudi-</strong></span> 
     </span>
     <span class='ocr_line' id='line_1_6' title="bbox 657 1018 2494 1138; baseline -0.002 -34"><span class='ocrx_word' id='word_1_28' title='bbox 657 1021 873 1104; x_wconf 84' lang='lat' dir='ltr'><strong>cium</strong></span> <span class='ocrx_word' id='word_1_29' title='bbox 901 1087 924 1128; x_wconf 90' lang='lat'><strong>,</strong></span> <span class='ocrx_word' id='word_1_30' title='bbox 965 1043 1196 1138; x_wconf 77' lang='lat' dir='ltr'><strong>atque</strong></span> <span class='ocrx_word' id='word_1_31' title='bbox 1236 1019 1643 1124; x_wconf 82' lang='lat' dir='ltr'><strong>damnum,</strong></span> <span class='ocrx_word' id='word_1_32' title='bbox 1682 1020 1891 1131; x_wconf 81' lang='lat' dir='ltr'><strong>turpi</strong></span> <span class='ocrx_word' id='word_1_33' title='bbox 1937 1018 2295 1129; x_wconf 84' lang='lat' dir='ltr'><strong>pecunia,</strong></span> <span class='ocrx_word' id='word_1_34' title='bbox 2336 1050 2494 1102; x_wconf 87' lang='lat' dir='ltr'><strong>uon</strong></span> 
     </span>
     <span class='ocr_line' id='line_1_7' title="bbox 577 1147 2502 1262; baseline -0.001 -30"><span class='ocrx_word' id='word_1_35' title='bbox 577 1241 579 1245; x_wconf 17' lang='lat'><strong><em>¹</em></strong></span> <span class='ocrx_word' id='word_1_36' title='bbox 659 1181 964 1262; x_wconf 83' lang='lat' dir='ltr'><strong>genere,</strong></span> <span class='ocrx_word' id='word_1_37' title='bbox 991 1179 1147 1234; x_wconf 87' lang='lat' dir='ltr'><strong>non</strong></span> <span class='ocrx_word' id='word_1_38' title='bbox 1192 1150 1510 1252; x_wconf 85' lang='lat' dir='ltr'><strong>virtute,</strong></span> <span class='ocrx_word' id='word_1_39' title='bbox 1550 1177 1709 1230; x_wconf 85' lang='lat' dir='ltr'><strong>non</strong></span> <span class='ocrx_word' id='word_1_40' title='bbox 1752 1147 2047 1230; x_wconf 86' lang='lat' dir='ltr'><strong>meritis</strong></span> <span class='ocrx_word' id='word_1_41' title='bbox 2091 1175 2502 1257; x_wconf 85' lang='lat' dir='ltr'><strong>procrean-</strong></span> 
     </span>
    </p>
   </div>
   <div class='ocr_carea' id='block_1_2' title="bbox 502 1275 2505 1398">
    <p class='ocr_par' dir='ltr' id='par_1_2' title="bbox 502 1275 2505 1398">
     <span class='ocr_line' id='line_1_8' title="bbox 502 1275 2505 1398; baseline -0.009 -26"><span class='ocrx_word' id='word_1_42' title='bbox 502 1293 530 1372; x_wconf 77' lang='lat'><strong>.&#39;</strong></span> <span class='ocrx_word' id='word_1_43' title='bbox 660 1302 815 1366; x_wconf 84' lang='lat' dir='ltr'><strong>tur.</strong></span> <span class='ocrx_word' id='word_1_44' title='bbox 845 1279 923 1366; x_wconf 92' lang='lat' dir='ltr'><strong>Si</strong></span> <span class='ocrx_word' id='word_1_45' title='bbox 958 1277 1240 1391; x_wconf 88' lang='lat' dir='ltr'><strong>possit,</strong></span> <span class='ocrx_word' id='word_1_46' title='bbox 1281 1280 1418 1390; x_wconf 86' lang='lat' dir='ltr'><strong>qui</strong></span> <span class='ocrx_word' id='word_1_47' title='bbox 1465 1275 1967 1388; x_wconf 82' lang='lat' dir='ltr'><strong>tyrannidem</strong></span> <span class='ocrx_word' id='word_1_48' title='bbox 2000 1278 2505 1398; x_wconf 83' lang='lat' dir='ltr'><strong>praescripse-</strong></span> 
     </span>
    </p>
   </div>
   <div class='ocr_carea' id='block_1_3' title="bbox 541 1405 2593 3199">
    <p class='ocr_par' dir='ltr' id='par_1_3' title="bbox 541 1405 2593 3199">
     <span class='ocr_line' id='line_1_9' title="bbox 669 1405 2576 1522; baseline -0.002 -31"><span class='ocrx_word' id='word_1_49' title='bbox 669 1409 795 1514; x_wconf 81' lang='lat' dir='ltr'><strong>rit,</strong></span> <span class='ocrx_word' id='word_1_50' title='bbox 834 1433 1372 1522; x_wconf 80' lang='lat' dir='ltr'><strong>tyrannusque</strong></span> <span class='ocrx_word' id='word_1_51' title='bbox 1411 1405 1789 1490; x_wconf 85' lang='lat' dir='ltr'><strong>continuo</strong></span> <span class='ocrx_word' id='word_1_52' title='bbox 1831 1405 2065 1511; x_wconf 82' lang='lat' dir='ltr'><strong>vivat,</strong></span> <span class='ocrx_word' id='word_1_53' title='bbox 2094 1435 2239 1490; x_wconf 83' lang='lat' dir='ltr'><strong>nee</strong></span> <span class='ocrx_word' id='word_1_54' title='bbox 2282 1410 2497 1518; x_wconf 80' lang='lat' dir='ltr'><strong>prius</strong></span> <span class='ocrx_word' id='word_1_55' title='bbox 2574 1496 2576 1499; x_wconf 47' lang='grc'>,</span> 
     </span>
     <span class='ocr_line' id='line_1_10' title="bbox 669 1519 2502 1648; baseline 0.001 -29"><span class='ocrx_word' id='word_1_56' title='bbox 669 1535 986 1625; x_wconf 80' lang='lat' dir='ltr'><strong>desierit</strong></span> <span class='ocrx_word' id='word_1_57' title='bbox 1051 1538 1217 1620; x_wconf 84' lang='lat' dir='ltr'><strong>esse</strong></span> <span class='ocrx_word' id='word_1_58' title='bbox 1280 1557 1662 1648; x_wconf 79' lang='lat' dir='ltr'><strong>tyrannus</strong></span> <span class='ocrx_word' id='word_1_59' title='bbox 1690 1600 1713 1641; x_wconf 90' lang='lat'>‚</span> <span class='ocrx_word' id='word_1_60' title='bbox 1754 1535 1837 1618; x_wconf 88' lang='lat' dir='ltr'><strong>in</strong></span> <span class='ocrx_word' id='word_1_61' title='bbox 1878 1519 2277 1620; x_wconf 87' lang='lat' dir='ltr'><strong>Comitem</strong></span> <span class='ocrx_word' id='word_1_62' title='bbox 2309 1600 2332 1641; x_wconf 88' lang='lat'><strong>‚</strong></span> <span class='ocrx_word' id='word_1_63' title='bbox 2374 1533 2502 1620; x_wconf 83' lang='lat' dir='ltr'><strong>vel</strong></span> 
     </span>
     <span class='ocr_line' id='line_1_11' title="bbox 622 1662 2505 1776; baseline -0.003 -26"><span class='ocrx_word' id='word_1_64' title='bbox 622 1670 626 1674; x_wconf 76' lang='grc'><strong>’</strong></span> <span class='ocrx_word' id='word_1_65' title='bbox 673 1665 984 1750; x_wconf 86' lang='lat' dir='ltr'><strong>Ducem</strong></span> <span class='ocrx_word' id='word_1_66' title='bbox 1022 1662 1462 1776; x_wconf 83' lang='lat' dir='ltr'><strong>legitimum</strong></span> <span class='ocrx_word' id='word_1_67' title='bbox 1502 1662 2006 1748; x_wconf 83' lang='lat' dir='ltr'><strong>commutari.</strong></span> <span class='ocrx_word' id='word_1_68' title='bbox 2049 1665 2129 1748; x_wconf 93' lang='lat' dir='ltr'><strong>Si</strong></span> <span class='ocrx_word' id='word_1_69' title='bbox 2176 1662 2451 1747; x_wconf 73' lang='lat' dir='ltr'><strong>titulus</strong></span> <span class='ocrx_word' id='word_1_70' title='bbox 2480 1729 2505 1770; x_wconf 90' lang='lat'>‚</span> 
     </span>
     <span class='ocr_line' id='line_1_12' title="bbox 673 1789 2511 1910; baseline -0.001 -33"><span class='ocrx_word' id='word_1_71' title='bbox 673 1815 910 1910; x_wconf 81' lang='lat' dir='ltr'><strong>atque</strong></span> <span class='ocrx_word' id='word_1_72' title='bbox 953 1793 1187 1882; x_wconf 83' lang='lat' dir='ltr'><strong>verba</strong></span> <span class='ocrx_word' id='word_1_73' title='bbox 1228 1789 1696 1896; x_wconf 83' lang='lat' dir='ltr'><strong>sufficiunt,</strong></span> <span class='ocrx_word' id='word_1_74' title='bbox 1741 1821 1899 1874; x_wconf 86' lang='lat' dir='ltr'><strong>non</strong></span> <span class='ocrx_word' id='word_1_75' title='bbox 1940 1789 2037 1875; x_wconf 84' lang='lat' dir='ltr'><strong>ad</strong></span> <span class='ocrx_word' id='word_1_76' title='bbox 2084 1789 2232 1874; x_wconf 88' lang='lat' dir='ltr'><strong>hoe</strong></span> <span class='ocrx_word' id='word_1_77' title='bbox 2276 1795 2511 1876; x_wconf 80' lang='lat' dir='ltr'><strong>etiam</strong></span> 
     </span>
     <span class='ocr_line' id='line_1_13' title="bbox 648 1905 2501 2038; baseline -0.001 -31"><span class='ocrx_word' id='word_1_78' title='bbox 648 1953 980 2028; x_wconf 78' lang='lat' dir='ltr'><strong>mores,</strong></span> <span class='ocrx_word' id='word_1_79' title='bbox 1017 1946 1098 2008; x_wconf 90' lang='lat' dir='ltr'><strong>et</strong></span> <span class='ocrx_word' id='word_1_80' title='bbox 1163 1905 1428 2006; x_wconf 83' lang='lat' dir='ltr'><strong>merita</strong></span> <span class='ocrx_word' id='word_1_81' title='bbox 1494 1922 2077 2038; x_wconf 75' lang='lat' dir='ltr'><strong>requiruntur?</strong></span> <span class='ocrx_word' id='word_1_82' title='bbox 2114 1905 2265 2008; x_wconf 81' lang='lat' dir='ltr'><strong>sed</strong></span> <span class='ocrx_word' id='word_1_83' title='bbox 2312 1922 2501 2006; x_wconf 83' lang='lat' dir='ltr'><strong>haec</strong></span> 
     </span>
     <span class='ocr_line' id='line_1_14' title="bbox 675 2049 2507 2165; baseline -0.001 -29"><span class='ocrx_word' id='word_1_84' title='bbox 675 2053 753 2137; x_wconf 90' lang='lat' dir='ltr'><strong>in</strong></span> <span class='ocrx_word' id='word_1_85' title='bbox 797 2049 1008 2138; x_wconf 84' lang='lat' dir='ltr'><strong>aliud</strong></span> <span class='ocrx_word' id='word_1_86' title='bbox 1051 2072 1404 2165; x_wconf 80' lang='lat' dir='ltr'><strong>tempus,</strong></span> <span class='ocrx_word' id='word_1_87' title='bbox 1441 2075 1659 2134; x_wconf 87' lang='lat' dir='ltr'><strong>sunt</strong></span> <span class='ocrx_word' id='word_1_88' title='bbox 1693 2055 1906 2134; x_wconf 89' lang='lat' dir='ltr'><strong>enim</strong></span> <span class='ocrx_word' id='word_1_89' title='bbox 1974 2050 2447 2165; x_wconf 81' lang='lat' dir='ltr'><strong>amplissima</strong></span> <span class='ocrx_word' id='word_1_90' title='bbox 2480 2105 2507 2160; x_wconf 68' lang='lat'>5</span> 
     </span>
     <span class='ocr_line' id='line_1_15' title="bbox 682 2176 2505 2295; baseline -0.001 -29"><span class='ocrx_word' id='word_1_91' title='bbox 682 2211 1190 2290; x_wconf 84' lang='lat' dir='ltr'><strong>reservemus,</strong></span> <span class='ocrx_word' id='word_1_92' title='bbox 1216 2203 1294 2263; x_wconf 87' lang='lat' dir='ltr'><strong>et</strong></span> <span class='ocrx_word' id='word_1_93' title='bbox 1331 2178 1430 2262; x_wconf 85' lang='lat' dir='ltr'><strong>ad</strong></span> <span class='ocrx_word' id='word_1_94' title='bbox 1471 2178 1852 2295; x_wconf 84' lang='lat' dir='ltr'><strong>speranda</strong></span> <span class='ocrx_word' id='word_1_95' title='bbox 1879 2181 2279 2264; x_wconf 89' lang='lat' dir='ltr'><strong>sociorum</strong></span> <span class='ocrx_word' id='word_1_96' title='bbox 2320 2176 2505 2264; x_wconf 88' lang='lat' dir='ltr'><strong>sub-</strong></span> 
     </span>
     <span class='ocr_line' id='line_1_16' title="bbox 664 2306 2501 2427; baseline -0.002 -30"><span class='ocrx_word' id='word_1_97' title='bbox 664 2311 858 2397; x_wconf 82' lang='lat' dir='ltr'><strong>sidia</strong></span> <span class='ocrx_word' id='word_1_98' title='bbox 905 2312 1326 2396; x_wconf 83' lang='lat' dir='ltr'><strong>veniamus.</strong></span> <span class='ocrx_word' id='word_1_99' title='bbox 1356 2308 1641 2396; x_wconf 86' lang='lat' dir='ltr'><strong>Credis</strong></span> <span class='ocrx_word' id='word_1_100' title='bbox 1670 2339 1767 2394; x_wconf 91' lang='lat' dir='ltr'><strong>ne</strong></span> <span class='ocrx_word' id='word_1_101' title='bbox 1804 2306 2028 2427; x_wconf 90' lang='lat' dir='ltr'><strong>quod</strong></span> <span class='ocrx_word' id='word_1_102' title='bbox 2068 2307 2362 2395; x_wconf 82' lang='lat' dir='ltr'><strong>obiitus</strong></span> <span class='ocrx_word' id='word_1_103' title='bbox 2404 2312 2501 2394; x_wconf 85' lang='lat' dir='ltr'><strong>sit</strong></span> 
     </span>
     <span class='ocr_line' id='line_1_17' title="bbox 561 2438 2593 2545; baseline -0.002 -15"><span class='ocrx_word' id='word_1_104' title='bbox 561 2522 564 2530; x_wconf 86' lang='lat'>.</span> <span class='ocrx_word' id='word_1_105' title='bbox 658 2442 980 2526; x_wconf 82' lang='lat' dir='ltr'><strong>illustris</strong></span> <span class='ocrx_word' id='word_1_106' title='bbox 1017 2438 1389 2524; x_wconf 89' lang='lat' dir='ltr'><strong>dominus</strong></span> <span class='ocrx_word' id='word_1_107' title='bbox 1426 2438 1806 2545; x_wconf 65' lang='lat' dir='ltr'><strong>Mamilio,</strong></span> <span class='ocrx_word' id='word_1_108' title='bbox 1832 2440 2054 2545; x_wconf 86' lang='lat' dir='ltr'><strong>licet,</strong></span> <span class='ocrx_word' id='word_1_109' title='bbox 2096 2466 2185 2525; x_wconf 88' lang='lat' dir='ltr'><strong>ut</strong></span> <span class='ocrx_word' id='word_1_110' title='bbox 2222 2458 2507 2525; x_wconf 52' lang='lat' dir='ltr'><strong>secun:</strong></span> <span class='ocrx_word' id='word_1_111' title='bbox 2589 2502 2593 2506; x_wconf 64' lang='grc'><em>»</em></span> 
     </span>
     <span class='ocr_line' id='line_1_18' title="bbox 669 2558 2521 2689; baseline 0.002 -35"><span class='ocrx_word' id='word_1_112' title='bbox 669 2570 864 2655; x_wconf 79' lang='lat' dir='ltr'><strong>dum</strong></span> <span class='ocrx_word' id='word_1_113' title='bbox 908 2595 1284 2683; x_wconf 79' lang='lat' dir='ltr'><strong>tempora,</strong></span> <span class='ocrx_word' id='word_1_114' title='bbox 1325 2570 1619 2686; x_wconf 86' lang='lat' dir='ltr'><strong>quibus</strong></span> <span class='ocrx_word' id='word_1_115' title='bbox 1656 2569 2030 2689; x_wconf 84' lang='lat' dir='ltr'><strong>loqueris,</strong></span> <span class='ocrx_word' id='word_1_116' title='bbox 2050 2602 2189 2654; x_wconf 85' lang='lat' dir='ltr'><strong>nos</strong></span> <span class='ocrx_word' id='word_1_117' title='bbox 2230 2558 2521 2687; x_wconf 69' lang='lat' dir='ltr'><strong>loquu--</strong></span> 
     </span>
     <span class='ocr_line' id='line_1_19' title="bbox 541 2692 2502 2819; baseline 0.002 -37"><span class='ocrx_word' id='word_1_118' title='bbox 541 2696 550 2709; x_wconf 82' lang='lat'>&#39;</span> <span class='ocrx_word' id='word_1_119' title='bbox 669 2692 898 2805; x_wconf 84' lang='lat' dir='ltr'><strong>mur,</strong></span> <span class='ocrx_word' id='word_1_120' title='bbox 937 2697 1197 2788; x_wconf 83' lang='lat' dir='ltr'><strong>adhuc</strong></span> <span class='ocrx_word' id='word_1_121' title='bbox 1262 2730 1460 2812; x_wconf 86' lang='lat' dir='ltr'><strong>puer</strong></span> <span class='ocrx_word' id='word_1_122' title='bbox 1496 2700 1595 2797; x_wconf 81' lang='lat' dir='ltr'><strong>sit</strong></span> <span class='ocrx_word' id='word_1_123' title='bbox 1636 2732 1665 2811; x_wconf 80' lang='lat'>3</span> <span class='ocrx_word' id='word_1_124' title='bbox 1699 2700 2057 2786; x_wconf 86' lang='lat' dir='ltr'><strong>credisne</strong></span> <span class='ocrx_word' id='word_1_125' title='bbox 2121 2702 2445 2819; x_wconf 82' lang='lat' dir='ltr'><strong>inquam</strong></span> <span class='ocrx_word' id='word_1_126' title='bbox 2476 2768 2502 2807; x_wconf 90' lang='lat'>,</span> 
     </span>
     <span class='ocr_line' id='line_1_20' title="bbox 665 2827 2500 2944; baseline 0.002 -34"><span class='ocrx_word' id='word_1_127' title='bbox 665 2827 886 2943; x_wconf 87' lang='lat' dir='ltr'><strong>quod</strong></span> <span class='ocrx_word' id='word_1_128' title='bbox 951 2856 1108 2910; x_wconf 89' lang='lat' dir='ltr'><strong>nou</strong></span> <span class='ocrx_word' id='word_1_129' title='bbox 1172 2852 1527 2944; x_wconf 71' lang='lat' dir='ltr'><strong>agnoscat</strong></span> <span class='ocrx_word' id='word_1_130' title='bbox 1554 2894 1578 2933; x_wconf 90' lang='lat'>‚</span> <span class='ocrx_word' id='word_1_131' title='bbox 1641 2854 1720 2913; x_wconf 88' lang='lat' dir='ltr'><strong>et</strong></span> <span class='ocrx_word' id='word_1_132' title='bbox 1798 2860 1958 2915; x_wconf 91' lang='lat' dir='ltr'><strong>nou</strong></span> <span class='ocrx_word' id='word_1_133' title='bbox 2041 2830 2500 2937; x_wconf 84' lang='lat' dir='ltr'><strong>recordetur</strong></span> 
     </span>
     <span class='ocr_line' id='line_1_21' title="bbox 665 2952 2512 3069; baseline 0.001 -28"><span class='ocrx_word' id='word_1_134' title='bbox 665 2956 892 3042; x_wconf 81' lang='lat' dir='ltr'><strong>cuius</strong></span> <span class='ocrx_word' id='word_1_135' title='bbox 929 2954 1328 3043; x_wconf 78' lang='lat' dir='ltr'><strong>favoribus</strong></span> <span class='ocrx_word' id='word_1_136' title='bbox 1391 2957 2017 3069; x_wconf 84' lang='lat' dir='ltr'><strong>consanguineus</strong></span> <span class='ocrx_word' id='word_1_137' title='bbox 2080 2961 2247 3043; x_wconf 88' lang='lat' dir='ltr'><strong>eius</strong></span> <span class='ocrx_word' id='word_1_138' title='bbox 2313 2952 2512 3043; x_wconf 85' lang='lat' dir='ltr'><strong>fines</strong></span> 
     </span>
     <span class='ocr_line' id='line_1_22' title="bbox 663 3084 2505 3199; baseline -0.001 -30"><span class='ocrx_word' id='word_1_139' title='bbox 663 3114 846 3169; x_wconf 84' lang='lat' dir='ltr'><strong>suos</strong></span> <span class='ocrx_word' id='word_1_140' title='bbox 897 3084 1313 3190; x_wconf 79' lang='lat' dir='ltr'><strong>invaserit,</strong></span> <span class='ocrx_word' id='word_1_141' title='bbox 1351 3110 1428 3169; x_wconf 86' lang='lat' dir='ltr'><strong>et</strong></span> <span class='ocrx_word' id='word_1_142' title='bbox 1469 3086 1717 3170; x_wconf 84' lang='lat' dir='ltr'><strong>sancti</strong></span> <span class='ocrx_word' id='word_1_143' title='bbox 1782 3086 2110 3199; x_wconf 86' lang='lat' dir='ltr'><strong>Georgii</strong></span> <span class='ocrx_word' id='word_1_144' title='bbox 2157 3087 2505 3177; x_wconf 70' lang='lat' dir='ltr'><strong>:rebella-</strong></span> 
     </span>
    </p>
   </div>
   <div class='ocr_carea' id='block_1_4' title="bbox 529 3209 2507 3332">
    <p class='ocr_par' dir='ltr' id='par_1_4' title="bbox 529 3209 2507 3332">
     <span class='ocr_line' id='line_1_23' title="bbox 529 3209 2507 3332; baseline 0.002 -38"><span class='ocrx_word' id='word_1_145' title='bbox 529 3262 537 3271; x_wconf 93' lang='lat'><strong>·</strong></span> <span class='ocrx_word' id='word_1_146' title='bbox 669 3209 868 3300; x_wconf 81' lang='lat' dir='ltr'><strong>verit</strong></span> <span class='ocrx_word' id='word_1_147' title='bbox 911 3210 1486 3322; x_wconf 80' lang='lat' dir='ltr'><strong>mediamnem,</strong></span> <span class='ocrx_word' id='word_1_148' title='bbox 1537 3246 1777 3332; x_wconf 81' lang='lat' dir='ltr'><strong>quam</strong></span> <span class='ocrx_word' id='word_1_149' title='bbox 1844 3214 2303 3303; x_wconf 82' lang='lat' dir='ltr'><strong>Puiesinum</strong></span> <span class='ocrx_word' id='word_1_150' title='bbox 2372 3248 2507 3299; x_wconf 87' lang='lat' dir='ltr'><strong>vo·</strong></span> 
     </span>
    </p>
   </div>
   <div class='ocr_carea' id='block_1_5' title="bbox 661 3342 2515 3852">
    <p class='ocr_par' dir='ltr' id='par_1_5' title="bbox 661 3342 2515 3852">
     <span class='ocr_line' id='line_1_24' title="bbox 666 3342 2508 3461; baseline 0.001 -34"><span class='ocrx_word' id='word_1_151' title='bbox 666 3365 844 3427; x_wconf 78' lang='lat' dir='ltr'><strong>cant·</strong></span> <span class='ocrx_word' id='word_1_152' title='bbox 897 3406 921 3449; x_wconf 92' lang='lat'><strong>,</strong></span> <span class='ocrx_word' id='word_1_153' title='bbox 1005 3364 1086 3427; x_wconf 88' lang='lat' dir='ltr'><strong>et</strong></span> <span class='ocrx_word' id='word_1_154' title='bbox 1135 3342 1464 3458; x_wconf 45' lang='lat' dir='ltr'><strong>aquibus</strong></span> <span class='ocrx_word' id='word_1_155' title='bbox 1540 3344 1975 3430; x_wconf 78' lang='lat' dir='ltr'><strong>fautoribus</strong></span> <span class='ocrx_word' id='word_1_156' title='bbox 2050 3348 2293 3461; x_wconf 86' lang='lat' dir='ltr'><strong>ipsam</strong></span> <span class='ocrx_word' id='word_1_157' title='bbox 2389 3376 2508 3429; x_wconf 84' lang='lat' dir='ltr'><strong>re-</strong></span> 
     </span>
     <span class='ocr_line' id='line_1_25' title="bbox 667 3472 2511 3591; baseline 0.002 -34"><span class='ocrx_word' id='word_1_158' title='bbox 667 3473 1194 3586; x_wconf 81' lang='lat' dir='ltr'><strong>cuperaverit,</strong></span> <span class='ocrx_word' id='word_1_159' title='bbox 1269 3496 1509 3591; x_wconf 78' lang='lat' dir='ltr'><strong>atque</strong></span> <span class='ocrx_word' id='word_1_160' title='bbox 1573 3472 2150 3562; x_wconf 83' lang='lat' dir='ltr'><strong>confirmaverit</strong></span> <span class='ocrx_word' id='word_1_161' title='bbox 2225 3488 2511 3560; x_wconf 71' lang='lat' dir='ltr'><strong>statum</strong></span> 
     </span>
     <span class='ocr_line' id='line_1_26' title="bbox 662 3600 2512 3720; baseline 0.001 -33"><span class='ocrx_word' id='word_1_162' title='bbox 662 3634 952 3712; x_wconf 90' lang='lat' dir='ltr'><strong>suum,</strong></span> <span class='ocrx_word' id='word_1_163' title='bbox 1015 3600 1120 3691; x_wconf 62' lang='lat' dir='ltr'><strong>&#39;et</strong></span> <span class='ocrx_word' id='word_1_164' title='bbox 1211 3627 1448 3691; x_wconf 82' lang='lat' dir='ltr'><strong>totam</strong></span> <span class='ocrx_word' id='word_1_165' title='bbox 1538 3604 1751 3691; x_wconf 82' lang='lat' dir='ltr'><strong>illam</strong></span> <span class='ocrx_word' id='word_1_166' title='bbox 1827 3606 2297 3720; x_wconf 83' lang='lat' dir='ltr'><strong>oppresserit</strong></span> <span class='ocrx_word' id='word_1_167' title='bbox 2375 3636 2512 3716; x_wconf 89' lang='lat' dir='ltr'><strong>pe-</strong></span> 
     </span>
     <span class='ocr_line' id='line_1_27' title="bbox 661 3732 2515 3852; baseline -0.001 -35"><span class='ocrx_word' id='word_1_168' title='bbox 661 3756 910 3841; x_wconf 87' lang='lat' dir='ltr'><strong>stem,</strong></span> <span class='ocrx_word' id='word_1_169' title='bbox 972 3762 1133 3850; x_wconf 79' lang='lat' dir='ltr'><strong>qua</strong></span> <span class='ocrx_word' id='word_1_170' title='bbox 1208 3732 1430 3820; x_wconf 83' lang='lat' dir='ltr'><strong>facile</strong></span> <span class='ocrx_word' id='word_1_171' title='bbox 1510 3759 1809 3852; x_wconf 83' lang='lat' dir='ltr'><strong>poterat</strong></span> <span class='ocrx_word' id='word_1_172' title='bbox 1862 3734 2241 3821; x_wconf 78' lang='lat' dir='ltr'><strong>interire?</strong></span> <span class='ocrx_word' id='word_1_173' title='bbox 2319 3735 2515 3820; x_wconf 88' lang='lat' dir='ltr'><strong>Cre·</strong></span> 
     </span>
    </p>
   </div>
  </div>
 </body>
</html>
