2981 4742
2055 314 2213 424 169

442 464 578 568 rit,
620 465 704 546 nt
746 457 1011 545 scribit
1040 461 1383 560 Seneca,
1426 455 1564 568 qui
1610 453 2004 540 incensam
2074 486 2113 538 a
2183 481 2268 536 se

440 593 870 688 Romanam
914 589 1192 672 urbem
1233 583 1722 696 gloriaretur.
1791 585 2059 668 Et'ut
2126 583 2284 666 Ro-

448 723 759 805 bertum
804 715 1377 818 Guiscardum,
1416 743 1660 826 quem
1729 705 2282 796 Normandum

450 853 679 934 fuisse
724 849 917 932 fama
964 869 1119 948 est,
1160 843 1300 957 qui
1372 864 1526 923 tam
1595 837 1841 922 multa
1909 840 2139 949 gessit
2205 837 2288 921 in

446 977 725 1087 Apulia
749 1041 771 1082 ,
798 1000 1032 1090 atque
1065 971 1406 1070 SamniO,
1434 992 1838 1072 transeam,
1871 999 2131 1088 noune
2164 995 2295 1050 ve-

448 1111 560 1190 nit
644 1108 721 1188 in
794 1104 1090 1188 ltaliam
1161 1103 1323 1184 Rex
1390 1099 1760 1208 pipinus,
1827 1095 2296 1211 domitoque

455 1234 872 1346 Ais-[ulpho
916 1231 1617 1340 Longobardorum
1662 1259 1864 1338 rege,
1892 1224 2297 1340 quidquid

458 1366 651 1446 iuris
680 1368 1001 1448 Sanctae
1044 1364 1317 1444 Matris
1358 1356 1758 1442 Ecclesiae
1801 1387 1941 1468 per
1993 1353 2298 1439 violen-
2337 1351 2340 1355 ’
2399 1461 2406 1468 ἢ

336 1512 341 1516 ’
458 1494 642 1576 tiam
682 1515 1236 1603 occupaverat,
1279 1487 1614 1570 reddere
1683 1483 2121 1598 c-omp‘ulit,
2188 1490 2303 1571 vi-

458 1645 785 1739 ctorque
816 1651 1031 1703 suam
1063 1619 1439 1720 remeavit,
1460 1619 1538 1700 in
1565 1613 2302 1700 FranciamPNonne

462 1748 671 1836 filius
710 1753 916 1856 eius,
960 1750 1265 1834 inclitae
1308 1749 1597 1850 famae,
1654 1747 2066 1866 felicisque
2139 1777 2308 1830 me-

468 1883 791 1986 moriae,
834 1879 1161 1965 Carolus
1206 1881 1581 1989 MagnuS,
1623 1877 1990 1987 lacrimis,
2013 1905 2087 1990 et
2115 1901 2310 1962 'con-

467 2021 764 2127 questu'
796 2012 1217 2127 requisitus
1257 2008 1680 2112 Ecclesiae,
1695 2035 1956 2093 contra
1978 2011 2343 2094 Deside-'

472 2145 716 2245 rium,
758 2137 1075 2243 fllium,-
1120 2161 1200 2220 et
1268 2166 1787 2222 successorem
1860 2136 2312 2249 Aistulphi,

472 2267 573 2349 de
617 2266 895 2351 Galliis
942 2266 1200 2369 venit,
1239 2261 1708 2381 obsessaque
1779 2267 2008 2376 Papia
2083 2262 2316 2377 perfi-

474 2394 671 2476 dum
715 2424 967 2503 regem
1010 2394 1257 2505 cepit,
1301 2394 1704 2504 captivum
1745 2394 1957 2475 'misit
1999 2394 2076 2475 in
2124 2392 2319 2483 Gal-
2399 2496 2401 2499 Α

478 2520 697 2627 liam,
737 2547 811 2605 et
869 2523 1089 2604 omni
1158 2551 1396 2630 regno
1462 2519 2168 2630 Longobardornm
2237 2525 2318 2609 in

476 2683 697 2735 snam
740 2651 1127 2735 ditionem
1172 2649 1525 2755 redacto,
1563 2674 1892 2759 statum,
1933 2676 2011 2737 et
2073 2652 2324 2739 hono·-

481 2811 645 2865 rem
688 2810 927 2864 suum
970 2778 1362 2865 Ecclesiae
1407 2779 1780 2887 reddidit,
1822 2784 2319 2899 Roma-mque

482 2914 840 3015 veniens,
900 2910 1155 3020 primo
1208 2909 1618 3013 PatritiuS,
1699 2932 1773 2993 et
1841 2910 2080 3022 paulo
2148 2934 2327 3027 post

366 3076 371 3085 ·
483 3038 799 3150 eligitur
842 3040 1315 3151 Imperator,
1379 3034 1686 3154 quique
1727 3040 1890 3127 Rex
1960 3048 2174 3130 venit
2241 3045 2328 3131 in
2395 3146 2401 3151 ¹

370 3258 376 3265 ,
486 3168 821 3275 ltaliam,
890 3170 1317 3279 Imperator
1334 3199 1360 3276 3
1427 3191 1504 3250 et
1576 3168 1822 3251 victor
1887 3172 2176 3259 redivit
2243 3179 2330 3262 in

484 3288 867 3403 Galliam,
908 3320 985 3380 et
1029 3295 1391 3413 pluribus
1429 3298 1834 3415 annis-per
1857 3330 1965 3405 se,
1995 3327 2072 3387 et
2103 3300 2332 3415 filios,

487 3458 574 3511 ac
653 3412 1024 3540 nepotes,
1092 3449 1167 3509 et
1234 3450 1703 3538 pronepotes
1767 3456 1950 3513 suos
2016 3462 2334 3519 ornnem

493 3556 703 3641 illam
746 3558 1011 3645 ltaliae
1048 3558 1303 3643 tenuit
1324 3559 1826 3669 portionem,
1869 3590 2070 3675 quae
2112 3594 2330 3651 nuno
2381 3566 2384 3569 ’

492 3684 784 3773 dicitur
850 3686 1439 3777 L'ombardia?
1515 3685 1704 3802 Nec,
1767 3717 2019 3775 unum
2088 3690 2334 3783 velim
