2981 4742
2181 339 2471 442 4¹·-

481 507 658 560 sum
697 502 1118 564 contentus
1149 545 1172 583 ‚
1211 477 1549 596 quilibet
1592 475 1829 562 Italus
1866 509 2131 562 secum
2164 511 2339 564 exa·
2418 505 2424 511 ’

483 608 784 715 minet,
823 640 977 726 qua
1027 613 1430 693 vexatione
1472 608 1867 693 Florentia
1898 673 1922 714 ,
1961 608 2160 692 sicut
2202 611 2340 717 ais,

483 736 758 824 afflixit
809 739 1100 822 ltaliam
1132 805 1156 844 ‚
1195 739 1378 854 quis
1419 739 1667 851 ipsam
1708 736 2163 848 cogitaverit
2202 769 2340 824 oc·-

483 899 824 980 cupare‚
870 869 989 952 vel
1038 870 1186 954 sibi
1230 870 1615 953 subiicere
1681 869 2064 954 servitute
2095 932 2117 955 .
2182 868 2342 954 Sed
2448 881 2455 890 '

478 998 992 1103 coniectaris„
1030 1023 1106 1082 et
1159 1028 1443 1082 asseras
1481 997 1585 1080 de
1625 997 1861 1084 rebus
1927 999 2343 1084 hominum
2434 1039 2463 1060 κ

478 1127 882 1246 quidquid
922 1128 1150 1235 libet,
1176 1129 1358 1246 quis
1399 1129 1541 1212 tibi
1584 1153 1969 1216 secretum
1999 1131 2341 1216 Divinae

479 1262 826 1345 Iustitiae
870 1257 1301 1343 revelavit?
1341 1257 1499 1344 Sed
1566 1260 1747 1374 quis
1816 1269 2145 1373 praete!
2196 1284 2335 1370 te,-

473 1388 925 1476 foedissima
967 1387 1226 1474 bellua
1255 1452 1280 1495 ‚
1321 1389 1659 1498 diceret3
1700 1389 1920 1505 quod
1964 1422 2121 1476 non
2154 1413 2325 1505 pos·-

475 1523 577 1606 sit
617 1522 922 1606 diutius
975 1550 1116 1603 nos
1156 1520 1444 1604 Divina
1492 1520 1793 1604 lustitia
1832 1518 2333 1607 substinere?

471 1652 660 1738 Non
712 1676 958 1766 potest
999 1651 1288 1736 Divina
1335 1651 1637 1735 lustitia
1668 1713 1691 1755 ,
1732 1677 1938 1766 quae
1980 1650 2331 1738 sine-Mi-

473 1787 889 1871 sericordia
935 1783 1226 1867 Divina
1293 1813 1450 1866 non
1516 1806 1769 1889 esset,
1823 1811 2133 1900 quaeve
2196 1815 2329 1866 su-

469 1914 700 1999 stinet
755 1913 1164 2000 diabolum
1199 1980 1226 2020 ‚
1263 1910 1715 1997 idololatras
1745 1978 1765 2018 ‚
1806 1911 2163 1996 inimicos
2202 1914 2323 1998 sui

467 2047 806 2128 nominis
835 2111 858 2146 ‚
897 2067 974 2127 et
1015 2043 1206 2128 alios
1248 2064 1736 2156 peccatores,
1806 2070 1946 2126 uos
2014 2040 2321 2128 diutius

467 2175 962 2258 substinere?
1011 2170 1155 2256 Vel
1195 2173 1574 2292 quoniam
1617 2167 1851 2275 velle,
1878 2194 1954 2250 et
1988 2173 2321 2285 possein

460 2300 640 2408 Deo,
677 2301 983 2386 realiter
1028 2330 1280 2385 unum
1321 2324 1544 2409 suut,
1588 2329 1745 2384 non
1790 2319 2082 2412 potest,
2126 2298 2311 2415 quia

461 2460 618 2513 uon
666 2431 837 2520 vult
872 2496 896 2537 ,
936 2428 1058 2513 vel
1101 2460 1262 2515 nou
1304 2428 1476 2514 vult
1510 2495 1533 2537 ‚
1573 2430 1759 2546 quia
1803 2458 1961 2511 non
2007 2429 2321 2540 potest?

470 2561 732 2649 Stulte
776 2564 1037 2669 nimis,
1074 2586 1156 2645 et
1198 2560 1795 2673 impertinenter
1834 2557 1935 2641 de
1980 2559 2151 2643 Deo
2194 2557 2313 2643 lo-

456 2692 727 2805 queris
755 2756 788 2783 .,
817 2689 1300 2779 Stultissime
1343 2688 1571 2774 nobis
1637 2686 1829 2772 iram
1871 2686 2073 2795 Dei,
2118 2718 2323 2805 quae

465 2818 722 2907 donec
753 2822 1076 2928 venerit,
1099 2849 1413 2935 semper
1439 2813 1747 2903 occulta
1789 2816 2052 2927 suerit,
2081 2816 2323 2907 veluti

459 2977 630 3033 rem
673 2953 1188 3037 certissimam
1258 2948 1689 3037 minitaris.
1731 2947 1980 3062 Quod
2046 2950 2161 3057 si,
2228 2975 2319 3039 ut

460 3074 723 3192 inquit
763 3081 1049 3167 Cicero
1076 3148 1101 3189 ,
1141 3078 1336 3167 nihil
1377 3105 1495 3167 est
1537 3081 1873 3195 principi
1916 3078 2031 3166 illi
2074 3082 2261 3167 Deo
2288 3148 2315 3193 ‚

455 3213 598 3327 qui
669 3212 1065 3299 mundum
1131 3214 1326 3327 regit
1354 3280 1379 3322 ,
1445 3211 1673 3329 quod
1757 3210 2093 3331 quidem
2183 3208 2321 3301 fiet

331 3340 340 3345 ’
449 3341 534 3425 in
601 3346 822 3428 terris
879 3343 1272 3459 acceptius
1299 3410 1323 3451 ,
1391 3372 1634 3462 quam
1700 3341 2029 3429 coucilia
2060 3407 2083 3448 ‚
2125 3372 2308 3429 coe·

447 3495 740 3591 tusque
780 3472 1192 3559 hominum
1225 3540 1247 3580 ‚
1317 3474 1488 3557 iure
1554 3470 1884 3579 sociati,
1947 3501 2152 3588 quae
2192 3472 2311 3555 ci-

449 3604 722 3693 vitates
797 3603 1294 3721 appellantur
1323 3670 1346 3709 ‚
1410 3607 1641 3721 sique
1683 3668 1707 3709 ,
1796 3625 1889 3687 ut
1982 3623 2313 3686 testatur

445 3735 868 3851 Tragicus,
907 3736 1246 3825 Victima
1288 3732 1505 3820 haud
1559 3728 1721 3819 ulls
1770 3726 2107 3845 amplior
2158 3759 2302 3845 po·
