2981 4742
566 521 1415 610 mutationeRomom'
1440 517 1809 627 Imperii,
1832 511 1939 598 de
1968 517 2213 596 mino
2242 516 2420 628 g'o-

566 657 1002 743 riosissimi
1028 655 1330 755 Ducis,
1351 653 1823 762 perniciosa
1864 647 2209 729 consilia
2252 665 2423 725 tra-

572 789 942 872 ctaretis.
985 780 1254 899 Quid,
1284 783 1553 878 enim,
1594 773 1839 860 aliud
1864 771 2429 890 cogitandum

567 933 714 1021 est,
738 919 906 1000 nisi
920 917 1341 1002 Divinum
1364 911 1739 1012 Numen,
1770 912 1945 986 iam
1977 911 2150 986 iam
2188 905 2432 986 scele-

567 1049 804 1133 ribus
845 1049 1139 1130 vestris
1181 1041 1805 1153 1‘nfinsum‚vos
1830 1039 2307 1135 obcaecatos
2338 1039 2432 1117 in

561 1187 903 1262 tantam
946 1176 1374 1258 insaniam
1417 1166 1872 1280 impulisse,
1916 1195 2005 1250 uc
2048 1166 2245 1275 odia
2277 1230 2299 1270 ‚
2340 1185 2423 1248 et

556 1335 807 1392 arma
852 1306 1006 1391 illa
1047 1321 1342 1388 contra
1385 1332 1524 1387 vos
1560 1305 2036 1417 cxc-ilonea,
2075 1327 2423 1415 quorum

557 1437 872 1520 viribus
903 1466 1069 1519 non
1112 1431 1379 1517 solum
1427 1463 1595 1515 non
1630 1435 1984 1543 possetis
2013 1433 2431 1534 resistere,

559 1562 714 1650 sed
753 1595 906 1647 nec
946 1570 1201 1648 otiam
1225 1564 1472 1672 fiet-rc
1507 1561 1941 1677 fulgorem
1972 1563 2022 1642 ἱ)

681 1695 888 1784 Non
923 1714 1273 1804 possunt
1306 1760 1328 1796 ‚
1367 1698 1651 1808 inquis
1684 1760 1704 1798 ‚
1746 1691 2113 1795 amplius
2170 1689 2431 1775 homi-

567 1855 714 1908 nes
755 1829 938 1908 sine
979 1825 1400 1908 stomacho
1443 1843 1807 1908 vestr-um
1858 1851 2161 1906 nomen
2191 1821 2435 1905 audi·

572 1985 697 2039 re.
741 1951 824 2038 Ο
869 1954 989 2038 vir
1031 1953 1406 2036 mirabilis
1438 2022 1460 2059 ‚
1505 1954 1777 2066 primis
1817 1949 2193 2052 orationis
2250 1973 2432 2032 tuae

577 2082 935 2194 partibus
1005 2107 1230 2194 optas
1259 2150 1280 2187 ‚
1349 2083 1720 2166 secundis
1752 2149 1772 2188 ,
1819 2081 2058 2164 veluti
2106 2079 2451 2193 proph‘e-

580 2233 750 2294 tans
781 2277 803 2318 ,
845 2209 1110 2296 sutura
1153 2213 1541 2324 praedicis
1569 2280 1593 2319 ‚
1632 2241 1850 2296 nunc
1894 2237 1967 2294 te
2009 2211 2435 2293 sublimius

564 2341 884 2427 elevans
914 2409 936 2447 ,
1003 2341 1224 2459 quod
1293 2343 1533 2427 solius
1608 2343 1756 2427 Dei
1826 2365 1941 2423 est
1981 2406 2001 2444 ‚
2065 2344 2433 2423 scrutaris

566 2501 795 2554 renes
826 2536 848 2578 ,
887 2495 966 2554 et
1009 2470 1251 2553 corda
1281 2536 1300 2557 .
1349 2472 1522 2557 Nec
1562 2472 1822 2555 solum
1860 2469 2287 2554 hominum
2330 2471 2439 2553 af-

572 2599 826 2684 fectus
856 2598 1137 2705 refers,
1183 2599 1322 2684 sed
1363 2602 1596 2685 etiam
1626 2601 1846 2717 quasi
1876 2601 2190 2684 divinae
2228 2629 2442 2719 mcn·
2506 2706 2515 2715 .

579 2730 676 2813 tis
717 2760 1092 2815 arcannm
1145 2761 1563 2843 agnoscas,
1630 2732 1779 2816 ais:
1848 2734 2053 2819 Non
2112 2752 2439 2845 potest,

561 2860 931 2978 denique
959 2926 981 2967 ‚
1023 2894 1158 2948 vos
1193 2866 1430 2963 ferre
1469 2858 1793 2947 diutius·
1821 2862 2149 2949 Dive’na
2182 2865 2437 2949 Iusti-

568 2998 694 3076 tia
726 3055 744 3076 .
785 2992 992 3079 Non
1030 3008 1382 3103 possunt
1413 3060 1436 3099 ‚
1479 3014 1571 3077 ut
1612 2991 1852 3100 dicis,
1901 2994 2260 3107 amplius
2305 2997 2442 3080 ho·

571 3126 841 3207 mines
882 3128 1066 3206 sine
1108 3123 1531 3229 stomacho
1574 3152 1875 3208 nomen
1942 3123 2247 3207 audire
2294 3154 2433 3204 no-

505 3277 850 3361 1strum3
889 3248 1026 3332 sed
1096 3275 1420 3362 possunt
1494 3253 1695 3361 viri,
1741 3279 2122 3367 possunt,
2191 3257 2428 3339 crede

559 3378 753 3466 mihi
788 3441 822 3488 ,
879 3402 1240 3464 nostrum
1331 3380 1608 3467 audire
1688 3414 1975 3469 nomen
2061 3388 2422 3470 homines

559 3513 886 3597 virtuosi
923 3577 945 3616 ‚
987 3540 1136 3594 nec
1179 3532 1513 3625 possunt
1553 3514 1809 3599 solum
1844 3582 1865 3620 ‚
1908 3516 2045 3599 sed
2096 3517 2369 3600 volunt
2403 3529 2425 3620 ,“

560 3644 702 3727 sed
742 3643 1083 3755 cupiunt
1115 3706 1137 3747 ,
1178 3640 1319 3725 sed
1359 3641 1855 3727 delectantur
1884 3709 1903 3728 .
1948 3645 2133 3729 Scio
2204 3632 2428 3757 quod

556 3772 1048 3859 Guelfurum
1080 3838 1103 3878 ‚
1143 3801 1346 3888 quos
1389 3772 1627 3859 habet
1672 3774 1880 3859 ltalia
1915 3841 1937 3882 ‚
1980 3773 2423 3861 multitudo
