2981 4742
2102 389 2107 394 .
2220 342 2267 394 2

528 455 953 541 sollicitans
993 453 1076 536 in
1119 451 1440 548 Etruria
1487 452 1803 568 plebem
1834 522 1859 564 ,
1897 468 2225 568 egestate
2264 339 2368 534 Ξ·

530 586 750 694 mul,
785 607 866 668 et
905 578 1180 667 dolore
1222 585 1547 666 iniuriae
1580 649 1605 692 ,
1672 615 2047 668 novarum
2088 605 2373 664 rerum

528 713 896 826 cupidam
930 775 954 813 ‚
993 710 1212 825 quod
1253 709 1515 822 Syllae
1557 711 2089 798 dominatione
2125 737 2367 822 agrosu

537 845 900 956 bonaque
939 840 1202 940 omnia·
1270 841 1741 948 amiserant;
1806 865 2201 955 praeterea
2265 834 2371 918 la-

531 997 792 1054 trones
834 971 1216 1086 cuiusque
1253 971 1581 1082 generis,
1623 1000 1968 1089 quorum
2008 973 2091 1052 iu
2128 995 2215 1049 ea
2256 993 2375 1048 re-

534 1101 762 1212 gione
802 1129 1074 1212 magua
1113 1100 1338 1213 copia
1403 1124 1619 1209 erat,
1657 1097 2083 1190 ¹nonnullos
2146 1095 2379 1179 etiam

511 1259 634 1332 ,ex
675 1227 1014 1340 Syllanis
1052 1225 1377 1312 coloniis
1408 1294 1431 1335 ,
1471 1230 1765 1346 quibus
1802 1227 2056 1314 libido
2080 1287 2108 1336 ,
2146 1215 2383 1342 atque

539 1355 846 1442 luxuria
883 1386 979 1467 ex
1018 1357 1312 1468 magnis
1351 1360 1638 1472 rapinis
1676 1357 1870 1442 nibil
1934 1354 2218 1472 reliqui
2274 1350 2383 1434 fe-

543 1509 865 1591 cerant,
907 1514 1271 1598 magnum
1311 1491 1613 1600 paravit
1670 1489 2144 1576 exercitum.
2182 1481 2389 1596 Qui-
2501 1561 2507 1564 ,

544 1615 692 1698 bus
731 1613 1066 1700 Sallustii
1138 1616 1452 1726 verbis,
1492 1619 1901 1706 Ciceronis
1965 1615 2206 1700 nostri
2268 1611 2392 1696 di-

549 1745 935 1829 tissimum
1009 1745 1368 1831 eiusdem
1445 1749 1555 1832 rei
1638 1749 2175 1834 testimonium
2217 1810 2243 1852 ,
2326 1741 2391 1825 si

453 1949 458 1956 .
553 1871 860 1986 placet,
899 1871 1310 1982 adiiciam,
1348 1898 1488 1984 ut,
1534 1876 1653 1960 his
1722 1874 2077 1984 collatis,
2112 1871 2393 1958 clarius
2502 1958 2507 1975 ‚

544 1999 878 2085 efficiam
919 2001 1144 2118 qnod
1182 2003 1519 2087 intendo
1550 2071 1569 2091 .
1612 2005 1913 2116 Scribit·
1974 2035 2161 2116 ergo
2196 2000 2394 2089 Tul-

549 2129 699 2214 lius
759 2135 1110 2217 oratione
1150 2131 1490 2246 secunda
1520 2201 1543 2240 ‚
1585 2165 1821 2252 quam
1850 2133 1953 2220 ad
1993 2131 2392 2248 Populum
2472 2243 2481 2253 ·

557 2259 1003 2347 Romanum
1041 2260 1314 2344 habuit
1355 2286 1629 2346 contra
1686 2261 2159 2368 Catilinam,
2199 2260 2399 2346 dum

557 2389 1013 2505 qualitatem
1053 2393 1438 2473 exercitus
1467 2456 1490 2497 ,
1532 2419 1773 2507 quem
1839 2390 2113 2476 habuit
2162 2390 2401 2476 hostis
2506 2466 2513 2475 ,

543 2522 679 2605 ille
720 2516 1292 2634 perditissimus
1333 2524 1648 2629 patriae,
1690 2550 1829 2633 per
1871 2520 2221 2607 membra
2264 2524 2403 2607 de·
2526 2584 2531 2589 .
2662 2606 2673 2613 ,

547 2654 794 2765 signat
819 2713 844 2757 ,
883 2649 964 2731 in
1005 2642 1196 2730 haec
1237 2647 1472 2731 verba
1499 2712 1524 2753 ‚
1567 2648 1975 2738 videlicet.-
2008 2653 2405 2761 Tertium

544 2810 805 2897 genus
847 2792 972 2865 esc
1011 2790 1294 2859 aetate
1335 2779 1511 2860 iam
1548 2779 1953 2893 qffeccum
1986 2846 2013 2889 ‚
2050 2780 2200 2869 sed
2258 2804 2413 2893 ta·-

414 2975 425 2983 »
549 2940 743 2995 men
805 2908 1415 2993 exercitatione
1494 2900 1923 2995 robustum
1951 2977 1978 3019 ,
2040 2945 2200 3029 quo
2276 2946 2397 3001 ex

551 3068 860 3153 genere
899 3040 1077 3149 ipse
1105 3032 1497 3121 Manlius
1524 3100 1549 3141 ‚
1590 3044 1732 3121 cui
1772 3070 2001 3125 nunc
2030 3042 2408 3133 Catilina
2528 3084 2531 3089 ·

553 3164 965 3253 succedit.
1005 3166 1128 3247 Hi
1179 3181 1373 3249 sunt
1417 3166 1796 3255 homines
1839 3199 1953 3257 ex
1992 3170 2125 3258 his
2190 3175 2405 3260 colo·

559 3299 778 3403 niis,
841 3322 1052 3413 quas
1116 3294 1527 3395 Faesulis
1578 3298 1837 3415 Sylla
1906 3306 2401 3410 constituit,

557 3458 772 3541 quas
810 3459 968 3543 ego
1007 3429 1435 3512 universas
1475 3432 1786 3517 civium
1828 3460 2005 3517 esse
2058 3434 2435 3547 optImoe'

555 3586 751 3643 rum
820 3574 903 3643 et
930 3588 934 3591 ·
946 3556 1619 3669 fortissimorum
1693 3567 1964 3646 sentio
1993 3623 2014 3644 .
2055 3560 2409 3672 Respon-

556 3684 737 3774 deat
789 3684 1032 3777 velim
1097 3714 1312 3772 nuuc
1355 3682 1478 3773 vel
1520 3687 2153 3775 dementissimus
2213 3682 2410 3800 ille,'
