2981 4742
2136 348 2284 430 181

394 527 398 532 ·
524 528 661 583 vos
712 503 887 582 iam
916 500 1087 582 iam
1114 491 1682 608 impendentis
1709 497 2012 578 ruinae
2039 509 2389 577 terrore.

523 634 953 738 concutiat
992 690 1017 734 ,
1097 641 1180 712 et
1263 629 1736 710 universam
1787 621 2171 716 ,Italiam
2243 619 2369 706 ad

522 759 1091 866 spectaculum
1168 773 1494 866 vesle-ae
1599 755 2112 840 calamitatis
2233 769 2361 835 at-

524 887 773 973 tollat
804 950 827 972 .

634 1017 854 1106 Haec
896 1013 1164 1100 ultima
1208 1015 1439 1100 verba
1481 1039 1616 1098 tua
1642 1037 1848 1120 sunt,
1879 1010 2104 1126 plena
2132 1007 2358 1114 fellis,

482 1131 825 1262 'quaeve
928 1178 968 1230 a
1054 1145 1281 1230 solito
1362 1143 1954 1230 mendaciorum
2047 1164 2370 1226 tuorum

524 1305 743 1358 more
826 1307 984 1362 non
1050 1275 1568 1381 abhorreant,
1632 1273 2015 1389 facileque
2061 1298 2365 1384 possem

527 1407 809 1512 omnia
825 1408 991 1489 sine
1032 1410 1532 1518 responsione
1558 1405 2006 1511 dimittere,
2047 1403 2188 1488 nisi
2235 1433 2364 1486 me

536 1537 953 1620 movissent
996 1531 1229 1622 verba
1288 1561 1421 1620 tua
1450 1537 1808 1654 ‚quibus
1869 1533 2068 1618 dicis
2133 1531 2366 1617 illum

528 1663 947 1750 dominum
992 1688 1223 1750 tuum
1262 1667 1363 1750 ad
1409 1667 1670 1752 ltaliae
1712 1694 1984 1779 pacem
2029 1688 2188 1748 tam
2223 1661 2366 1746 ob-

533 1796 725 1878 nixe
774 1793 1294 1908 dispositum,
1334 1820 1415 1882 et
1458 1826 1598 1880 nos
1641 1825 1850 1878 versa
1895 1795 2063 1875 vice
2128 1789 2366 1876 fuisse

531 1951 843 2069 semper
888 1926 1097 2036 pacis
1135 1925 1447 2032 affectu,
1488 1926 1836 2029 oonsilio,
1877 1949 1952 2008 et
1993 1920 2380 2034 operibns⁸

530 2048 935 2136 inimicos.
979 2055 1460 2205 Promptum
1490 2079 1608 2138 est
1621 2053 2086 2168 ,libereque
2117 2073 2440 2162 potest-

532 2163 870 2294 quilibet
914 2183 1155 2290 baec,
1193 2207 1273 2270 et
1311 2187 1598 2270 maiora
1641 2182 2028 2320 proferre.
2078 2179 2382 2264 Verum

537 2309 807 2421 populi
853 2309 1272 2397 decernere
1316 2343 1479 2401 nou
1544 2336 1908 2428 possunt
1937 2307 2138 2395 bella
2205 2335 2378 2391 mo-

539 2440 705 2539 veri
744 2446 909 2525 sine
953 2443 1393 2529 multorum
1456 2443 1826 2546 assensn,
1886 2434 2110 2555 qnod
2173 2434 2373 2519 adeo

536 2566 861 2655 difficile
900 2600 1209 2682 semper
1246 2570 1449 2678 fuit,
1486 2594 1567 2656 et
1608 2569 2054 2684 praesertim
2101 2565 2182 2651 in
2223 2561 2413 2651 hoo

472 2685 476 2693 ¹
536 2721 790 2825 nostra
869 2698 1358 2812 Republica,
1434 2698 1662 2817 quod
1739 2698 2040 2781 durum
2131 2692 2406 2783 fuerit

534 2816 769 2911 etiam
815 2859 961 2940 pro
997 2828 1453 2913 defensione
1493 2828 1922 2935 libertatis,
1984 2850 2066 2911 et
2127 2848 2372 2911 status

532 2954 987 3068 popularem
1047 2955 1389 3043 babere
1390 2988 1913 3065 consensum,
1979 2958 2145 3039 sine
2209 2984 2377 3075 quo

532 3116 719 3197 pace
748 3152 770 3191 ,
814 3086 936 3171 vel
980 3088 1190 3173 bello
1233 3088 1425 3172 nihil
1464 3118 1626 3171 esse
1670 3111 1919 3201 potest
1958 3086 2382 3171 efficaciter

530 3217 1103 3329 constitututn3
1146 3243 1232 3303 ut
1274 3217 1636 3303 moribus
1677 3219 1957 3303 nostris
2021 3213 2398 3309 arduum,

530 3378 843 3457 semper
872 3346 1120 3433 'fuerit
1186 3352 1704 3435 necessarium
1770 3350 2004 3433 etiam
2074 3344 2394 3435 bellum.

527 3476 873 3588 suscipi,
916 3475 1211 3563 nedum
1253 3480 1479 3600 quod
1543 3504 1954 3565 moveatur
2005 3474 2379 3561 voluuta-

540 3606 753 3693 rium
825 3608 1216 3698 obtineri.
1295 3611 1466 3697 Nec
1547 3612 1896 3717 mirum;
1971 3602 2394 3724 quidquid:

532 3734 744 3819 onim
788 3734 989 3822 bella
1032 3765 1295 3844 nostra.
1326 3738 1807 3854 deglutiunt,
1845 3736 1999 3823 tola
2044 3736 2398 3843 tributoe„
