2981 4742
771 349 800 434 ¹.
823 345 864 430 7
883 349 926 400 ‘²

589 473 628 510 ‘1
687 456 1041 544 columis.
1072 451 1595 570 Tandemque
1622 439 2096 568 expugnato,
2121 481 2521 574 captoque

689 583 994 698 oppido
1031 586 1293 673 Sancti
1332 585 1755 687 Germani,
1795 586 1961 672 Rex
2002 617 2193 670 cum
2256 592 2517 673 omni-

685 710 840 797 hus
863 702 1123 828 ‘copiis
1147 714 1527 827 superatis
1553 713 1901 820 saltibus,
1916 717 2522 832 asperrimisque

679 842 1144 928 Brutiorum
1187 843 1630 949 montibus»,
1672 845 1761 940 in,
1796 847 2203 931 Samnium
2256 852 2464 933 venit
2495 917 2525 956 ,

685 973 824 1056 nbi
855 973 1359 1057 Manfredum
1389 972 1719 1056 offendit
1747 971 1957 1084 apud
1976 973 2519 1062 Beneventum

682 1131 872 1185 cum
913 1104 1252 1186 maximo
1288 1103 1409 1187 sui
1451 1102 1837 1186 exereitus
1876 1102 2255 1186 comitatu
2286 1170 2309 1211 ‚
2350 1109 2519 1221 qui,

680 1232 885 1316 sieut
923 1258 1129 1336 erat,
1174 1233 1482 1343 ingenio
1523 1230 1743 1314 ferox
1772 1295 1795 1337 ,
1834 1234 2235 1342 optimum
2302 1233 2515 1320 factu

683 1383 894 1443 ratus
911 1357 1211 1444 fessum
1239 1362 1666 1444 exercitum
1694 1359 2030 1470 aggredi,
2052 1391 2235 1444 cum
2264 1367 2521 1447 omni-

681 1486 1126 1602 bus'eopiis‘
1171 1491 1332 1574 suis
1397 1519 1701 1604 pugnae
1773 1489 2135 1602 praebuit
2199 1491 2521 1578 facultaa

684 1641 844 1702 tem
875 1682 894 1704 .
940 1615 1104 1706 Rex
1141 1642 1402 1705 autem
1427 1684 1448 1722 ‚
1494 1643 1583 1702 ut
1621 1618 1879 1703 hostes
1918 1620 2187 1704 adesse
2226 1627 2519 1730 sensit,
2592 1685 2599 1693 .

673 1745 950 1839 locum
990 1753 1250 1842 castris
1287 1747 1710 1861 delegerat,
1751 1778 1917 1866 quo
1958 1751 2127 1859 cogi
2158 1779 2313 1832 non
2348 1783 2519 1863 pos-

685 1902 801 1962 set
835 1880 1129 1965 invitus
1167 1877 1265 1963 ad
1309 1909 1684 1993 pugnam3
1712 1877 2120 1964 hortantur·
2146 1881 2264 1963 sui
2294 1883 2519 1998 quod

687 2008 870 2092 viris
897 2077 918 2118 ,
959 2011 1339 2128 equisque
1381 2039 1658 2123 aspero
1698 2008 2027 2120 fatigatis
2069 2008 2342 2092 itinere
2400 2041 2519 2092 re·-

683 2139 955 2254 quiem
1007 2141 1310 2242 donet,
1377 2139 1827 2252 periculum
1897 2137 2135 2221 fessos
2203 2137 2519 2248 integris

569 2315 582 2332 ·
681 2267 1110 2381 congredi:
1215 2270 1282 2352 F
1289 2266 1851 2352 lorentinorum
1956 2264 2532 2350 consiliosiores..

689 2397 1052 2510 aderant3
1087 2398 1286 2517 quid
1327 2401 1701 2507 sentiant,
1742 2398 2099 2513 quaerit3
2152 2397 2518 2481 festinan-

687 2524 890 2611 dum
917 2559 1080 2612 esse
1110 2526 1625 2643 respondent,
1663 2558 1763 2611 ne
1846 2525 2207 2639 gentibus
2288 2524 2553 2611 hostis'

628 2726 632 2731 .
688 2681 1078 2767 augeatur,
1117 2656 1255 2743 ‘ant
1293 2658 1490 2741 forte
1532 2656 1953 2743 consi-lium
2012 2676 2322 2739 mutans
2372 2686 2519 2770 pu-

637 2885 641 2890 .
683 2815 913 2893 gnam
936 2786 1342 2891 detrectet,
1381 2817 1549 2902 quo
1590 2784 1785 2869 nihil
1828 2785 1983 2897 regi
2029 2808 2284 2898 posset
2345 2814 2521 2869 esse

679 2912 1198 2999 calamitosius
1226 2982 1243 3001 .
1288 2918 1480 3027 Rex,
1521 2938 1614 3000 ut
1654 2939 1815 2999 erat
1842 2913 1970 2998 alti
1998 2915 2238 2998 animi
2270 2980 2291 3020 ‚
2326 2944 2515 2999 cou-

679 3040 1224 3163 ficiendaeque
1291 3048 1404 3131 rei
1483 3043 1763 3131 avidus
1792 3111 1817 3152 ‚
1894 3044 2510 3154 ignominiosum

679 3163 1046 3285 reputans
1081 3175 1180 3258 ad
1223 3204 1563 3289 pugnam
1602 3174 2109 3259 venientibus
2174 3172 2512 3283 cedere,

677 3302 943 3387 statuit
979 3306 1308 3418 experiri
1353 3302 1782 3417 praeliandi
1828 3301 2228 3385 fortunam
2260 3367 2283 3408 ‚
2324 3332 2513 3385 con-

677 3426 868 3515 fisus
905 3462 1230 3517 suorum
1275 3436 1549 3519 virtuti
1579 3496 1603 3539 ,
1670 3458 1913 3553 quam
1988 3452 2207 3543 putat
2272 3432 2509 3515 etiam

679 3558 1153 3647 lassitudinis
1191 3560 1697 3646 incommodo
1737 3558 1915 3673 plus
1971 3556 2279 3646 valere.
2347 3560 2508 3644 Dat

635 3680 661 3757 ἶ
677 3721 858 3805 ergo
899 3724 1200 3808 pugnae
1239 3696 1551 3809 signum
1582 3758 1603 3781 .
1670 3694 1912 3779 Primi
1978 3714 2376 3779 steterunt·
2425 3692 2509 3776 in
