2981 4742
2177 270 2229 356 5
2247 286 2314 356 ι’

508 417 567 497 si
637 415 979 498 nihileis
1026 412 1335 499 videtur
1398 410 1870 525 optabilius,
1934 444 2214 537 quam
2256 438 2344 501 ut

507 542 927 657 aliquando
970 544 1069 625 de
1119 558 1449 627 cruento
1493 541 1626 622 ino
1666 542 1991 655 scopulo
2032 575 2348 629 corrua-

506 704 729 787 mus
775 690 925 757 ηοηΙ
972 670 1325 755 succedit
1373 672 1609 779 ma'gis
1651 671 1764 752 eis
1832 673 1912 755 in
1983 673 2338 785 ipsorum

502 802 893 911 optatibus
934 800 1096 885 aliis
1138 830 1379 916 quam
1425 799 1500 879 in
1548 802 1745 904 isto,
1815 800 2060 885 immo
2130 827 2346 889 tanto

510 934 791 1035 mium,
820 952 1115 1046 quanto
1146 930 1383 1041 magis
1414 926 1562 1013 hoc
1592 930 1958 1015 duxerint
1985 953 2354 1043 exoptan-

501 1058 695 1140 dum
727 1122 747 1145 .
790 1058 1059 1166 Credo
1101 1082 1173 1144 te
1216 1057 1417 1141 sorte
1448 1082 1722 1141 mmen
1765 1054 1970 1141 illud
2015 1082 2284 1171 optare
2314 1125 2337 1166 ‚

507 1189 657 1271 sed.
689 1187 1007 1301 meliora
1052 1212 1227 1271 vota
1261 1255 1283 1295 ,
1324 1188 1772 1306 Divinaque
1813 1188 2356 1275 Misericordia

470 1317 1039 1427 praevalebit,
1090 1341 1169 1402 et
1240 1349 1379 1401 nos
1445 1349 1484 1402 a
1553 1318 1944 1403 servitutis
2011 1317 2348 1435 laque0‚

516 1475 757 1559 quem
840 1448 1067 1531 nobis
1144 1450 1388 1562 parari
1471 1442 1934 1557 denuntias„
2013 1478 2348 1561 praeser-

509 1576 767 1663 vabit.
855 1577 962 1660 Et
1044 1602 1130 1661 ut
1208 1577 1305 1661 ad
1373 1580 1849 1687 exercitum,
1900 1608 2146 1695 que-m
2215 1576 2358 1663 mi-

515 1708 765 1813 naris,
810 1700 1171 1793 redeam:
1222 1710 1481 1795 Venit
1513 1773 1534 1815 ,
1576 1706 1879 1823 inquis,
1947 1739 2114 1793 non
2173 1728 2360 1795 tam
2465 1736 2475 1747 ⁴

429 1918 437 1925 .
516 1834 756 1919 avide
819 1871 911 1922 eo
982 1846 1278 1926 missus
1317 1870 1565 1958 quam
1609 1834 2137 1929 desideratas
2168 1905 2190 1945 ‚
2229 1856 2356 1923 at·
2445 1838 2448 1842 ’

522 1998 677 2084 que
706 1988 1192 2079 expectatus
1220 2002 1270 2055 a
1302 1974 1614 2074 vestris,
1642 1974 1956 2077 vestris,
1989 1978 2360 2087 inquam,

522 2100 598 2179 si
635 2102 760 2181 ita
800 2117 995 2183 sient
1042 2098 1583 2213 appellandi,
1621 2132 1970 2217 quorum
2041 2130 2228 2185 cam
2271 2106 2362 2185 in

518 2222 907 2335 fortunas
949 2246 1029 2311 et
1074 2258 1419 2341 corpora
1461 2228 1800 2315 crudele
1827 2295 1852 2333 ,
1894 2246 1972 2313 et
2017 2259 2363 2331 avarum

520 2351 896 2439 habeatis
940 2360 1383 2468 imperium
1419 2423 1443 2464 ‚
1513 2358 1731 2443 nihil
1795 2364 2071 2442 minus
2115 2389 2366 2472 quam

519 2489 847 2568 animos
914 2484 1360 2596 possidetis
1393 2549 1413 2571 .
1494 2491 1856 2598 Sper-ant
1938 2485 2363 2602 equidem,

519 2611 671 2698 hoe
710 2646 877 2698 ano
916 2635 1327 2700 assertore
1392 2647 1592 2700 suae
1659 2617 2066 2701 liber-tatis
2121 2647 2367 2700 exer-

516 2748 717 2852 citu,
745 2749 961 2830 vobis
981 2747 1399 2857 prolapsis
1426 2751 1513 2828 in
1547 2751 2056 2851 servitutem,
2081 2732 2366 2862 digni-

513 2891 775 2980 tatem
798 2879 1298 2989 pristinam,
1338 2887 1590 2992 qaam
1633 2881 1786 2962 sibi
1821 2909 1973 2983 per
2007 2903 2148 2963 'vos
2188 2905 2387 2964 ere-·⁴

503 3022 749 3115 ptam
790 3009 1081 3122 lugent
1112 3071 1135 3112 ,
1177 3005 1522 3090 tandem
1592 3037 1782 3094 esse·
1829 3027 2359 3128 recuperatu-

523 3165 657 3218 ros
684 3198 705 3221 .
746 3137 1050 3254 Itaque
1091 3166 1334 3220 arma
1363 3136 1566 3223 haec
1593 3165 1877 3220 omnes
1921 3138 2008 3220 hi
2037 3139 2358 3252 populi,

520 3295 721 3380 quos,
758 3271 905 3352 sub
974 3269 1515 3378 acerbissima
1584 3263 2052 3380 tyrannide,
2118 3267 2364 3381 siffe-

522 3398 733 3480 catis
761 3459 783 3498 ‚
824 3415 1315 3504 expectant,
1358 3415 1449 3480 ut
1493 3425 1683 3478 cum
1725 3417 2089 3506 tempus,
2131 3425 2364 3481 occa-

527 3527 1001 3640 sionemque
1044 3528 1680 3640 perspexerint,
1739 3525 2198 3614 excutiant¹
2243 3526 2366 3603 iu-

526 3679 724 3763 gum
766 3653 990 3740 illud
1028 3661 1479 3758 servitutis,
1512 3684 1666 3767 quo
1709 3666 2128 3754 anunente,
2161 3648 2371 3744 nihil

678 3857 701 3892 ὁ
