2981 4742
709 367 831 450 60

648 504 1086 617 primantur
1118 569 1140 609 ‚
1185 531 1330 588 nec
1367 499 1685 588 stultius
1726 488 1984 585 solum
2016 568 2037 606 ‚
2082 493 2219 586 secl
2280 522 2495 588 men-

642 630 970 742 dacius;
1005 631 1458 720 stultissime
1529 661 1719 714 vero
1782 631 2173 718 subinfers
2204 700 2225 736 ,
2268 629 2495 749 quod

643 789 918 844 omnes
956 761 1040 842 in
1079 758 1416 872 speculis
1458 765 1633 866 sint,
1676 758 2121 865 observent,
2162 782 2239 844 et
2283 790 2497 874 prae-

644 887 1028 976 stolentur
1067 893 1328 974 nescio
1367 917 1611 1003 quam
1676 890 2341 1001 opportunitatem
2408 907 2497 974 ur

642 1044 726 1098 se
769 1019 1061 1128 possint
1101 1017 1182 1101 in
1250 1016 1695 1102 libertatem
1760 1045 2091 1100 asserere
2124 1082 2144 1104 .
2208 1018 2439 1125 Quae
2470 1079 2499 1122 ‚‚

648 1145 782 1229 vel
823 1146 960 1230 ubi
1003 1170 1185 1230 sunt
1227 1145 1368 1230 hae
1407 1143 1825 1258 speculae?
1865 1174 2203 1260 quanam
2246 1175 2340 1230 ex
2378 1177 2506 1228 or-

521 1326 526 1332 ·
640 1272 768 1360 bis
835 1267 1058 1388 perte
1115 1275 1342 1362 nobis
1406 1307 1535 1362 eas
1561 1341 1585 1384 ,
1652 1276 1719 1362 si
1780 1301 2155 1393 quaerere
2190 1273 2501 1370 ,volue-

638 1407 892 1490 rimus
919 1472 944 1512 ,
1033 1407 1446 1518 assignabis
1470 1409 1510 1490 Ρ
1586 1405 1681 1490 In
1784 1434 2029 1522 quam
2123 1406 2512 1498 maiorem.
2572 1438 2584 1484 t

641 1530 1090 1620 libertatem
1126 1531 1428 1622 subditi
1496 1533 1755 1621 nostri
1790 1562 1873 1614 se
1912 1555 2237 1645 possunt
2302 1561 2500 1616 asse·

651 1665 860 1748 rere?
873 1661 1216 1748 Difficile
1253 1661 1481 1747 dictu
1511 1660 1709 1746 dicis
1734 1682 2113 1776 quantam
2140 1688 2357 1771 spem
2388 1661 2503 1744 eis·
2625 1727 2634 1736 .

645 1795 1113 1903 praestiterit
1141 1789 1535 1876 adventus
1577 1785 1814 1874 huius
1855 1785 2243 1872 exercitus
2260 1851 2280 1872 .
2307 1784 2501 1872 Non·

647 1919 974 2008 difficile
1040 1919 1301 2006 solum
1379 1920 1628 2006 fateor
1657 1977 1683 2026 5
1746 1916 1887 2002 sed
1965 1912 2511 2028 impossibile3

636 2036 856 2122 'solus
895 2039 1108 2124 enim
1149 2039 1372 2124 Deus
1399 2037 1646 2144 novit3
1680 2033 1903 2151 quod
1932 2034 2147 2116 enim
2177 2063 2336 2116 non
2364 2055 2507 2138 est,

629 2165 1050 2279 quomodo
1076 2167 1451 2280 veraciter
1465 2165 1622 2249 dici
1642 2165 1929 2278 potest?
1942 2159 2294 2247 Difficile
2323 2161 2505 2277 qui-

648 2289 832 2377 dem
861 2286 1130 2380 dicere
1154 2359 1180 2402 ,
1211 2316 1409 2412 quot
1448 2293 1605 2380 sint
1642 2293 1725 2378 in
1768 2294 1962 2379 mari
1990 2293 2277 2407 pisces3
2298 2314 2503 2409 quot

650 2446 918 2509 autem
983 2422 1096 2509 ibi
1163 2422 1431 2510 stellae
1510 2421 1636 2509 vel
1712 2420 1964 2509 sidera
2042 2424 2196 2507 sint
2224 2485 2249 2527 ,-
2312 2448 2507 2507 eum

641 2549 854 2635 nulla
898 2582 1217 2666 prorsus
1255 2554 1408 2639 sint
1438 2618 1463 2660 ,
1502 2582 1667 2637 non
1732 2575 1848 2636 est
1914 2550 2181 2669 aliquo
2247 2550 2491 2635 modo

647 2678 1066 2791 possibile3
1131 2678 1342 2767 solu-s
1419 2683 1634 2768 enim
1702 2682 1923 2767 Deus
1989 2682 2210 2767 novit
2276 2679 2505 2803 quod

588 2849 592 2854 ·
647 2828 847 2891 astra
886 2808 1120 2893 maris
1173 2806 1476 2895 ambitu
1516 2838 1677 2894 non
1716 2808 2278 2895 continentur.
2321 2808 2503 2921 Ipse

647 2934 1036 3051 quidem,
1075 2938 1220 3053 qui
1257 2967 1617 3045 summa,
1656 2962 1736 3023 et
1778 2938 2329 3053 perfectissima
2360 2968 2499 3021 no·

639 3064 806 3148 titia
849 3092 1174 3172 rerum,
1213 3090 1294 3153 et
1335 3067 1615 3151 veritas
1654 3090 1813 3173 est,
1856 3059 2059 3153 sieut
2100 3066 2293 3149 scire
2336 3094 2498 3147 non

636 3218 946 3306 potest,
983 3193 1208 3312 quod
1247 3193 1514 3312 aliqua
1553 3193 1804 3281 sidera
1845 3199 1999 3281 sint
2065 3195 2235 3301 ibi,
2301 3222 2497 3279 cum
2557 3199 2565 3207 ’

631 3323 854 3409 nulla
892 3326 1048 3411 sint
1075 3391 1100 3433 ,
1137 3325 1250 3409 sic
1287 3326 1485 3410 scire
1532 3355 1691 3409 non
1733 3348 1989 3441 potest
2026 3348 2223 3442 quot
2282 3323 2437 3407 sint
2471 3388 2491 3409 .

631 3451 752 3539 Et
790 3452 1088 3539 nedum
1152 3454 1534 3540 aestimari
1574 3485 1731 3538 non
1775 3478 2027 3568 potest
2092 3451 2436 3537 alacritas
2465 3510 2496 3558 ‚-

513 3618 526 3633 ·
635 3612 842 3697 quae
884 3580 1100 3671 nulla
1163 3584 1317 3692 sit,·
1355 3583 1495 3669 sed
1564 3614 1708 3670 nec
1770 3587 2007 3672 etiam
2072 3582 2433 3695 assignari
2464 3640 2495 3667 .·

635 3711 813 3805 Nee
852 3702 1164 3829 sperare
1205 3735 1537 3829 possunt
1580 3715 1827 3802 nostri
1888 3712 2186 3801 subditi
2252 3710 2493 3805 maim
