2981 4742
607 383 762 446 1⁸2

535 497 646 584 Et
689 529 774 586 ut
814 495 1101 604 videas,
1127 495 1264 581 'vir
1302 493 1599 604 divine,
1640 519 1967 614 quanto,
2009 493 2381 612 qualique

537 629 868 715 tenearis
921 655 1230 732 errore,
1269 625 1400 710 dic
1428 619 1856 737 ‚'0bsecro‚
1898 659 2075 712 cum
2134 625 2379 711 fatum

537 759 948 842 necessitas
987 754 1369 872 quaedam
1405 755 1543 862 sit,
1582 780 1777 873 quot
1820 743 2045 864 fatis,
2107 782 2185 864 et
2245 788 2376 838 ne-

537 884 1017 972 cessitatibtts
1053 915 1402 969 autumas
1451 915 1596 970 nos
1646 885 2017 996 subesse3
2055 912 2376 993 possunt

541 1047 682 1125 ne,
721 1014 880 1102 sare
905 1080 929 1123 ‚
974 1045 1271 1127 precor,
1317 1021 1543 1099 unius
1584 1015 1999 1130 reiplures
2036 1048 2197 1100 esse
2242 1047 2375 1099 ne·-

540 1145 983 1234 cessitates?
1031 1143 1318 1232 Nescio
1379 1145 1446 1229 si
1514 1168 1671 1228 tam
1736 1147 2015 1231 stultus
2082 1149 2231 1230 eris
2300 1170 2385 1230 ut

544 1273 807 1390 plures
844 1273 1124 1360 audeas
1149 1273 1590 1384 affirmare3
1654 1275 1873 1391 quod
1927 1277 1988 1358 si
2058 1274 2329 1360 feceris
2362 1341 2386 1381 ,

540 1435 744 1522 quae
782 1404 1188 1491 necessitas
1230 1404 1657 1488 necessitati
1702 1405 1941 1516 possit
1980 1397 2383 1510 accedere,

541 1532 664 1620 sac
703 1535 1071 1646 assignes.
1125 1531 1373 1643 Quod
1412 1561 1595 1616 cum
1636 1527 1805 1615 fieri
1864 1563 2021 1616 non
2092 1534 2388 1644 possit,

547 1664 957 1749 necessitas
993 1664 1208 1750 enim
1236 1693 1394 1750 non
1423 1660 1714 1769 fuisset,
1740 1654 2026 1780 siquid
2056 1662 2370 1746 forsitan

559 1788 931 1876 defuisset
957 1856 982 1899 ‚
1058 1821 1206 1876 nec
1281 1786 1661 1875 accedens
1738 1791 2137 1874 necessitas
2216 1823 2378 1874 esse

561 1943 869 2036 posset,
932 1922 998 2005 si
1055 1917 1592 2005 necessitatem
1655 1917 1885 2004 aliam
1952 1920 2335 2004 inveniret
2366 1987 2391 2028 ‚

556 2050 818 2136 nescio
854 2050 919 2134 si
972 2047 1290 2156 videas,
1353 2072 1485 2133 aut
1543 2046 1918 2159 intelligas
1979 2048 2180 2165 quid
2247 2081 2391 2133 nos

558 2203 852 2264 mones.
879 2179 1209 2263 Possunt
1235 2174 1336 2260 ad
1361 2175 1705 2294 aliquem
1746 2179 2105 2264 effectum
2166 2177 2387 2292 plura

561 2304 885 2426 requiri,
917 2305 1450 2395 necessitatem
1475 2330 1738 2393 autem
1768 2337 2000 2433 unam
2026 2339 2187 2395 esse
2242 2339 2374 2394 ne·

561 2465 770 2523 cesse
809 2459 926 2522 est
953 2500 979 2545 ,
1019 2459 1106 2522 ut
1143 2466 1326 2523 cum
1371 2466 1518 2521 una
1560 2436 1813 2523 solum
1865 2440 2093 2521 unius
2122 2441 2231 2521 rei
2264 2472 2392 2523 ne·-
2442 2540 2445 2543 q

557 2565 864 2652 cessitas
901 2565 1000 2651 sit
1027 2626 1052 2668 ,
1093 2594 1337 2650 unum
1377 2567 1612 2652 etiam
1651 2597 1816 2655 esse
1855 2566 2098 2652 fatum
2156 2600 2392 2686 opor-

561 2715 771 2801 teat,
833 2715 914 2779 et
975 2723 1134 2777 non
1202 2693 1427 2808 plura
1458 2760 1479 2782 .
1544 2696 1725 2811 Qua
1806 2700 2159 2816 ratione,
2236 2730 2441 2816 qua,

557 2820 879 2906 scientia
917 2820 1220 2936 quaeris
1246 2886 1270 2927 ‚
1307 2822 1568 2934 igitur,
1605 2852 1769 2940 quo
1810 2818 1968 2909 fato
2019 2830 2385 2939 putemus

511 3010 518 3017 -
561 2950 678 3038 illi
716 2946 930 3037 bello
969 2950 1316 3035 resistere
1347 3016 1372 3058 ,
1409 2981 1596 3037 cum
1634 2952 2049 3039 cuiuslibet
2112 2954 2223 3038 rei
2287 2954 2395 3039 fa-

562 3104 735 3168 tum
774 3077 1240 3194 simpliciter
1280 3108 1532 3165 unum
1570 3081 1731 3167 sit?
1770 3082 1883 3169 Et
1940 3106 2025 3168 nt
2090 3083 2395 3195 puden-

559 3207 760 3300 dum
788 3274 812 3317 ‚
849 3230 932 3293 et
971 3205 1354 3320 puerilem
1395 3237 1741 3295 errorem
1783 3218 2008 3295 'tuum
2081 3210 2343 3297 videas
2371 3279 2398 3320 ‚

564 3353 720 3459 qua
757 3337 1301 3451 grammaticae
1345 3340 1641 3422 ratione
1686 3338 1929 3425 dicis:
1990 3342 2073 3427 A
2128 3345 2397 3429 tribus

569 3500 761 3559 vero
798 3474 1195 3585 tyrannis
1235 3466 1443 3586 quid
1506 3472 1827 3557 auxilii
1878 3476 1990 3556 sit
2058 3500 2393 3585 speran-

571 3596 782 3695 dum
808 3662 834 3705 ,
872 3622 1038 3687 ‘non
1077 3603 1281 3686 satis
1347 3599 1800 3714 intelligo.;
1868 3628 2211 3717 moxque
2276 3597 2399 3683 di-

575 3724 854 3815 videns
889 3727 998 3815 ais
1028 3793 1053 3841 ,
1091 3732 1712 3822 alter-lusenim
1754 3748 2078 3841 tenues,
2124 3749 2207 3819 et
2274 3731 2399 3836 af-
2506 3776 2521 3785 ÷
