<?xml version="1.0" encoding="UTF-8"?>
<!DOCTYPE html PUBLIC "-//W3C//DTD XHTML 1.0 Transitional//EN"
    "http://www.w3.org/TR/xhtml1/DTD/xhtml1-transitional.dtd">
<html xmlns="http://www.w3.org/1999/xhtml" xml:lang="en" lang="en">
 <head>
  <title>
</title>
<meta http-equiv="Content-Type" content="text/html;charset=utf-8" />
  <meta name='ocr-system' content='tesseract 3.04.00' />
  <meta name='ocr-capabilities' content='ocr_page ocr_carea ocr_par ocr_line ocrx_word'/>
</head>
<body>
  <div class='ocr_page' id='page_1' title='image "./invectivalinico00salugoog/invectivalinico00salugoog_0217.png"; bbox 0 0 2981 4742; ppageno 0'>
   <div class='ocr_carea' id='block_1_1' title="bbox 643 345 881 434">
    <p class='ocr_par' dir='ltr' id='par_1_1' title="bbox 643 345 881 434">
     <span class='ocr_line' id='line_1_1' title="bbox 643 345 881 434; baseline -0.004 0"><span class='ocrx_word' id='word_1_1' title='bbox 643 357 649 366; x_wconf 85' lang='lat'>&#39;</span> <span class='ocrx_word' id='word_1_2' title='bbox 715 345 881 434; x_wconf 79' lang='lat'>158</span> 
     </span>
    </p>
   </div>
   <div class='ocr_carea' id='block_1_2' title="bbox 656 494 2526 732">
    <p class='ocr_par' dir='ltr' id='par_1_2' title="bbox 656 494 2526 732">
     <span class='ocr_line' id='line_1_2' title="bbox 662 494 2517 608; baseline -0.003 -26"><span class='ocrx_word' id='word_1_3' title='bbox 662 525 855 582; x_wconf 85' lang='lat' dir='ltr'>eum</span> <span class='ocrx_word' id='word_1_4' title='bbox 897 494 1271 582; x_wconf 71' lang='lat' dir='ltr'>omnibns</span> <span class='ocrx_word' id='word_1_5' title='bbox 1308 501 1812 583; x_wconf 64' lang='lat' dir='ltr'>conversans</span> <span class='ocrx_word' id='word_1_6' title='bbox 1863 519 1990 600; x_wconf 68' lang='lat' dir='ltr'>eo,</span> <span class='ocrx_word' id='word_1_7' title='bbox 2059 519 2210 574; x_wconf 75' lang='lat' dir='ltr'>nee</span> <span class='ocrx_word' id='word_1_8' title='bbox 2271 519 2517 608; x_wconf 78' lang='lat' dir='ltr'>qnam</span> 
     </span>
     <span class='ocr_line' id='line_1_3' title="bbox 656 615 2526 732; baseline -0.001 -23"><span class='ocrx_word' id='word_1_9' title='bbox 656 625 995 713; x_wconf 72' lang='lat' dir='ltr'>effu-nene</span> <span class='ocrx_word' id='word_1_10' title='bbox 1090 627 1357 714; x_wconf 84' lang='lat' dir='ltr'>cuncti</span> <span class='ocrx_word' id='word_1_11' title='bbox 1438 627 1970 728; x_wconf 77' lang='lat' dir='ltr'>mentiantur,</span> <span class='ocrx_word' id='word_1_12' title='bbox 2047 643 2124 704; x_wconf 81' lang='lat' dir='ltr'>et</span> <span class='ocrx_word' id='word_1_13' title='bbox 2173 615 2526 732; x_wconf 63' lang='lat' dir='ltr'>fingent.</span> 
     </span>
    </p>
   </div>
   <div class='ocr_carea' id='block_1_3' title="bbox 662 752 2672 869">
    <p class='ocr_par' dir='ltr' id='par_1_3' title="bbox 662 752 2672 869">
     <span class='ocr_line' id='line_1_4' title="bbox 662 752 2672 869; baseline -0.007 -24"><span class='ocrx_word' id='word_1_14' title='bbox 662 753 1011 844; x_wconf 79' lang='lat' dir='ltr'><strong>Nullum</strong></span> <span class='ocrx_word' id='word_1_15' title='bbox 1038 822 1065 865; x_wconf 91' lang='lat'>‚</span> <span class='ocrx_word' id='word_1_16' title='bbox 1102 757 1341 869; x_wconf 82' lang='lat' dir='ltr'>igitur</span> <span class='ocrx_word' id='word_1_17' title='bbox 1369 822 1393 865; x_wconf 88' lang='lat'><strong>,</strong></span> <span class='ocrx_word' id='word_1_18' title='bbox 1433 752 1674 843; x_wconf 82' lang='lat' dir='ltr'>huius</span> <span class='ocrx_word' id='word_1_19' title='bbox 1717 757 1824 837; x_wconf 87' lang='lat' dir='ltr'>rei</span> <span class='ocrx_word' id='word_1_20' title='bbox 1869 775 2102 834; x_wconf 76' lang='lat' dir='ltr'>tunm</span> <span class='ocrx_word' id='word_1_21' title='bbox 2173 756 2526 836; x_wconf 52' lang='lat' dir='ltr'>testimo*</span> <span class='ocrx_word' id='word_1_22' title='bbox 2663 801 2672 810; x_wconf 94' lang='lat'><em>·</em></span> 
     </span>
    </p>
   </div>
   <div class='ocr_carea' id='block_1_4' title="bbox 608 879 2605 3863">
    <p class='ocr_par' dir='ltr' id='par_1_4' title="bbox 608 879 2605 3863">
     <span class='ocr_line' id='line_1_5' title="bbox 660 879 2525 1000; baseline -0.002 -30"><span class='ocrx_word' id='word_1_23' title='bbox 660 886 893 970; x_wconf 81' lang='lat' dir='ltr'>nium</span> <span class='ocrx_word' id='word_1_24' title='bbox 932 916 1101 971; x_wconf 71' lang='lat' dir='ltr'>esse</span> <span class='ocrx_word' id='word_1_25' title='bbox 1142 911 1461 1000; x_wconf 80' lang='lat' dir='ltr'>potest3</span> <span class='ocrx_word' id='word_1_26' title='bbox 1505 915 1782 970; x_wconf 83' lang='lat' dir='ltr'>vernm</span> <span class='ocrx_word' id='word_1_27' title='bbox 1843 879 2310 968; x_wconf 75' lang='lat' dir='ltr'>facillimum</span> <span class='ocrx_word' id='word_1_28' title='bbox 2375 880 2525 966; x_wconf 86' lang='lat' dir='ltr'>ho-</span> 
     </span>
     <span class='ocr_line' id='line_1_6' title="bbox 650 1013 2515 1133; baseline -0.001 -33"><span class='ocrx_word' id='word_1_29' title='bbox 650 1013 907 1100; x_wconf 67' lang='lat' dir='ltr'>stibus</span> <span class='ocrx_word' id='word_1_30' title='bbox 932 1081 957 1124; x_wconf 91' lang='lat'>‚</span> <span class='ocrx_word' id='word_1_31' title='bbox 996 1037 1431 1133; x_wconf 84' lang='lat' dir='ltr'>tutumque</span> <span class='ocrx_word' id='word_1_32' title='bbox 1476 1013 1982 1100; x_wconf 80' lang='lat' dir='ltr'><strong>mendacium</strong></span> <span class='ocrx_word' id='word_1_33' title='bbox 2026 1016 2332 1100; x_wconf 78' lang='lat' dir='ltr'>eunctis</span> <span class='ocrx_word' id='word_1_34' title='bbox 2371 1038 2515 1121; x_wconf 80' lang='lat' dir='ltr'>est,</span> 
     </span>
     <span class='ocr_line' id='line_1_7' title="bbox 662 1141 2520 1262; baseline 0 -33"><span class='ocrx_word' id='word_1_35' title='bbox 662 1143 892 1262; x_wconf 84' lang='lat' dir='ltr'>quod</span> <span class='ocrx_word' id='word_1_36' title='bbox 934 1175 1094 1232; x_wconf 89' lang='lat' dir='ltr'>non</span> <span class='ocrx_word' id='word_1_37' title='bbox 1167 1147 1459 1259; x_wconf 79' lang='lat' dir='ltr'><strong>possit,</strong></span> <span class='ocrx_word' id='word_1_38' title='bbox 1526 1143 1655 1230; x_wconf 82' lang='lat' dir='ltr'>vel</span> <span class='ocrx_word' id='word_1_39' title='bbox 1721 1141 2194 1230; x_wconf 77' lang='lat' dir='ltr'>difficillime</span> <span class='ocrx_word' id='word_1_40' title='bbox 2267 1141 2520 1229; x_wconf 72' lang='lat' dir='ltr'>valeat</span> 
     </span>
     <span class='ocr_line' id='line_1_8' title="bbox 619 1263 2519 1394; baseline -0.002 -33"><span class='ocrx_word' id='word_1_41' title='bbox 619 1263 1074 1390; x_wconf 65' lang='lat' dir='ltr'>&#39;reprobari</span> <span class='ocrx_word' id='word_1_42' title='bbox 1104 1340 1123 1362; x_wconf 91' lang='lat'><strong>.</strong></span> <span class='ocrx_word' id='word_1_43' title='bbox 1166 1275 1324 1362; x_wconf 88' lang='lat' dir='ltr'>Sed</span> <span class='ocrx_word' id='word_1_44' title='bbox 1368 1273 1576 1394; x_wconf 86' lang='lat' dir='ltr'>qnid</span> <span class='ocrx_word' id='word_1_45' title='bbox 1619 1277 1700 1358; x_wconf 85' lang='lat' dir='ltr'>in</span> <span class='ocrx_word' id='word_1_46' title='bbox 1755 1271 1908 1360; x_wconf 85' lang='lat' dir='ltr'>boe</span> <span class='ocrx_word' id='word_1_47' title='bbox 1971 1273 2279 1358; x_wconf 74' lang='lat' dir='ltr'>diutins</span> <span class='ocrx_word' id='word_1_48' title='bbox 2349 1304 2519 1358; x_wconf 84' lang='lat' dir='ltr'>mo-</span> 
     </span>
     <span class='ocr_line' id='line_1_9' title="bbox 664 1401 2526 1521; baseline -0.001 -31"><span class='ocrx_word' id='word_1_49' title='bbox 664 1407 853 1490; x_wconf 77' lang='lat' dir='ltr'>ror?</span> <span class='ocrx_word' id='word_1_50' title='bbox 892 1405 1077 1494; x_wconf 86' lang='lat' dir='ltr'>Seio</span> <span class='ocrx_word' id='word_1_51' title='bbox 1128 1403 1272 1490; x_wconf 88' lang='lat' dir='ltr'>tibi</span> <span class='ocrx_word' id='word_1_52' title='bbox 1356 1404 1642 1489; x_wconf 80' lang='lat' dir='ltr'>durius</span> <span class='ocrx_word' id='word_1_53' title='bbox 1721 1401 1894 1488; x_wconf 86' lang='lat' dir='ltr'>fore</span> <span class='ocrx_word' id='word_1_54' title='bbox 1950 1401 2178 1521; x_wconf 86' lang='lat' dir='ltr'>qnod</span> <span class='ocrx_word' id='word_1_55' title='bbox 2241 1401 2526 1488; x_wconf 73' lang='lat' dir='ltr'>obiicis</span> 
     </span>
     <span class='ocr_line' id='line_1_10' title="bbox 662 1527 2528 1652; baseline -0.002 -32"><span class='ocrx_word' id='word_1_56' title='bbox 662 1563 891 1650; x_wconf 73' lang='lat' dir='ltr'>posse</span> <span class='ocrx_word' id='word_1_57' title='bbox 932 1533 1263 1648; x_wconf 79' lang='lat' dir='ltr'>probare</span> <span class='ocrx_word' id='word_1_58' title='bbox 1296 1602 1319 1643; x_wconf 89' lang='lat'>‚</span> <span class='ocrx_word' id='word_1_59' title='bbox 1357 1527 1601 1652; x_wconf 69' lang='lat' dir='ltr'>quarn</span> <span class='ocrx_word' id='word_1_60' title='bbox 1645 1532 1870 1642; x_wconf 82' lang='lat' dir='ltr'>mihi,</span> <span class='ocrx_word' id='word_1_61' title='bbox 1911 1535 1972 1618; x_wconf 79' lang='lat' dir='ltr'>si</span> <span class='ocrx_word' id='word_1_62' title='bbox 2017 1532 2380 1618; x_wconf 74' lang='lat' dir='ltr'>veniatur</span> <span class='ocrx_word' id='word_1_63' title='bbox 2443 1533 2528 1617; x_wconf 88' lang='lat' dir='ltr'>in</span> 
     </span>
     <span class='ocr_line' id='line_1_11' title="bbox 664 1663 2525 1788; baseline -0.002 -38"><span class='ocrx_word' id='word_1_64' title='bbox 664 1664 1147 1782; x_wconf 84' lang='lat' dir='ltr'>perieulum,</span> <span class='ocrx_word' id='word_1_65' title='bbox 1186 1665 1612 1788; x_wconf 75' lang='lat' dir='ltr'>reprobare</span> <span class='ocrx_word' id='word_1_66' title='bbox 1641 1731 1664 1754; x_wconf 86' lang='lat'><strong>.</strong></span> <span class='ocrx_word' id='word_1_67' title='bbox 1705 1669 1984 1750; x_wconf 90' lang='lat' dir='ltr'>Vnum</span> <span class='ocrx_word' id='word_1_68' title='bbox 2029 1688 2292 1750; x_wconf 81' lang='lat' dir='ltr'>tamen</span> <span class='ocrx_word' id='word_1_69' title='bbox 2333 1663 2525 1769; x_wconf 75' lang='lat' dir='ltr'>scio,</span> 
     </span>
     <span class='ocr_line' id='line_1_12' title="bbox 665 1791 2530 1913; baseline -0.001 -35"><span class='ocrx_word' id='word_1_70' title='bbox 665 1793 1071 1913; x_wconf 73' lang='lat' dir='ltr'>qnidquid</span> <span class='ocrx_word' id='word_1_71' title='bbox 1110 1793 1518 1881; x_wconf 71' lang='lat' dir='ltr'>deletu-eris</span> <span class='ocrx_word' id='word_1_72' title='bbox 1547 1861 1571 1903; x_wconf 90' lang='lat'><strong>,</strong></span> <span class='ocrx_word' id='word_1_73' title='bbox 1611 1795 1928 1894; x_wconf 80' lang='lat' dir='ltr'>nullum</span> <span class='ocrx_word' id='word_1_74' title='bbox 1972 1794 2054 1880; x_wconf 90' lang='lat' dir='ltr'>in</span> <span class='ocrx_word' id='word_1_75' title='bbox 2106 1791 2306 1880; x_wconf 88' lang='lat' dir='ltr'>orbe</span> <span class='ocrx_word' id='word_1_76' title='bbox 2371 1814 2530 1878; x_wconf 84' lang='lat' dir='ltr'>ter-</span> 
     </span>
     <span class='ocr_line' id='line_1_13' title="bbox 659 1919 2530 2042; baseline -0.003 -32"><span class='ocrx_word' id='word_1_77' title='bbox 659 1953 930 2012; x_wconf 74' lang='lat' dir='ltr'>rarum</span> <span class='ocrx_word' id='word_1_78' title='bbox 981 1922 1457 2034; x_wconf 83' lang='lat' dir='ltr'>dominum,</span> <span class='ocrx_word' id='word_1_79' title='bbox 1521 1925 2004 2042; x_wconf 79' lang='lat' dir='ltr'>nullumque</span> <span class='ocrx_word' id='word_1_80' title='bbox 2073 1919 2530 2037; x_wconf 84' lang='lat' dir='ltr'>populum,</span> 
     </span>
     <span class='ocr_line' id='line_1_14' title="bbox 650 2053 2522 2172; baseline -0.001 -36"><span class='ocrx_word' id='word_1_81' title='bbox 650 2083 898 2172; x_wconf 84' lang='lat' dir='ltr'>quem</span> <span class='ocrx_word' id='word_1_82' title='bbox 938 2053 1165 2140; x_wconf 80' lang='lat' dir='ltr'>nobis</span> <span class='ocrx_word' id='word_1_83' title='bbox 1194 2058 1437 2172; x_wconf 84' lang='lat' dir='ltr'>possis</span> <span class='ocrx_word' id='word_1_84' title='bbox 1474 2055 1582 2142; x_wconf 88' lang='lat' dir='ltr'>de</span> <span class='ocrx_word' id='word_1_85' title='bbox 1607 2053 1796 2142; x_wconf 79' lang='lat' dir='ltr'>fidei</span> <span class='ocrx_word' id='word_1_86' title='bbox 1825 2055 2266 2167; x_wconf 77' lang='lat' dir='ltr'>integritate</span> <span class='ocrx_word' id='word_1_87' title='bbox 2297 2081 2522 2165; x_wconf 80' lang='lat' dir='ltr'>prae-</span> 
     </span>
     <span class='ocr_line' id='line_1_15' title="bbox 649 2182 2532 2304; baseline -0.001 -35"><span class='ocrx_word' id='word_1_88' title='bbox 649 2182 917 2297; x_wconf 79' lang='lat' dir='ltr'>ferre3</span> <span class='ocrx_word' id='word_1_89' title='bbox 950 2185 1179 2272; x_wconf 80' lang='lat' dir='ltr'>cuins</span> <span class='ocrx_word' id='word_1_90' title='bbox 1218 2184 1553 2304; x_wconf 85' lang='lat' dir='ltr'>quidem</span> <span class='ocrx_word' id='word_1_91' title='bbox 1597 2188 1709 2272; x_wconf 86' lang='lat' dir='ltr'>rei</span> <span class='ocrx_word' id='word_1_92' title='bbox 1751 2210 1934 2272; x_wconf 81' lang='lat' dir='ltr'>sunt</span> <span class='ocrx_word' id='word_1_93' title='bbox 1977 2185 2318 2298; x_wconf 80' lang='lat' dir='ltr'>plurima</span> <span class='ocrx_word' id='word_1_94' title='bbox 2379 2182 2532 2268; x_wconf 88' lang='lat' dir='ltr'>do-</span> 
     </span>
     <span class='ocr_line' id='line_1_16' title="bbox 658 2315 2535 2437; baseline -0.002 -33"><span class='ocrx_word' id='word_1_95' title='bbox 658 2340 1031 2405; x_wconf 81' lang='lat' dir='ltr'>cumenta</span> <span class='ocrx_word' id='word_1_96' title='bbox 1062 2384 1087 2427; x_wconf 89' lang='lat'>‚</span> <span class='ocrx_word' id='word_1_97' title='bbox 1125 2337 1477 2437; x_wconf 80' lang='lat' dir='ltr'>quornm</span> <span class='ocrx_word' id='word_1_98' title='bbox 1521 2349 1771 2407; x_wconf 83' lang='lat' dir='ltr'>unum</span> <span class='ocrx_word' id='word_1_99' title='bbox 1823 2315 2148 2403; x_wconf 79' lang='lat' dir='ltr'>evidens</span> <span class='ocrx_word' id='word_1_100' title='bbox 2176 2382 2201 2424; x_wconf 89' lang='lat'>‚</span> <span class='ocrx_word' id='word_1_101' title='bbox 2265 2333 2347 2403; x_wconf 88' lang='lat' dir='ltr'>et</span> <span class='ocrx_word' id='word_1_102' title='bbox 2411 2315 2535 2401; x_wconf 89' lang='lat' dir='ltr'>in-</span> 
     </span>
     <span class='ocr_line' id='line_1_17' title="bbox 654 2444 2530 2562; baseline -0.003 -28"><span class='ocrx_word' id='word_1_103' title='bbox 654 2445 1033 2534; x_wconf 75' lang='lat' dir='ltr'>vincibile</span> <span class='ocrx_word' id='word_1_104' title='bbox 1068 2446 1385 2562; x_wconf 79' lang='lat' dir='ltr'>signum</span> <span class='ocrx_word' id='word_1_105' title='bbox 1422 2472 1540 2535; x_wconf 83' lang='lat' dir='ltr'>est</span> <span class='ocrx_word' id='word_1_106' title='bbox 1567 2516 1592 2560; x_wconf 91' lang='lat'><strong>,</strong></span> <span class='ocrx_word' id='word_1_107' title='bbox 1631 2449 2023 2537; x_wconf 79' lang='lat' dir='ltr'>reiteratio</span> <span class='ocrx_word' id='word_1_108' title='bbox 2059 2444 2478 2533; x_wconf 80' lang='lat' dir='ltr'>foederum</span> <span class='ocrx_word' id='word_1_109' title='bbox 2504 2512 2530 2553; x_wconf 91' lang='lat'>,</span> 
     </span>
     <span class='ocr_line' id='line_1_18' title="bbox 657 2567 2527 2694; baseline 0 -35"><span class='ocrx_word' id='word_1_110' title='bbox 657 2604 867 2694; x_wconf 78' lang='lat' dir='ltr'>qnae</span> <span class='ocrx_word' id='word_1_111' title='bbox 905 2576 1051 2693; x_wconf 84' lang='lat' dir='ltr'>qui</span> <span class='ocrx_word' id='word_1_112' title='bbox 1090 2577 1511 2665; x_wconf 75' lang='lat' dir='ltr'>nobiscum</span> <span class='ocrx_word' id='word_1_113' title='bbox 1575 2599 1724 2691; x_wconf 74' lang='lat' dir='ltr'>eon</span> <span class='ocrx_word' id='word_1_114' title='bbox 1738 2578 1971 2663; x_wconf 83' lang='lat' dir='ltr'>traxit</span> <span class='ocrx_word' id='word_1_115' title='bbox 2011 2574 2116 2661; x_wconf 80' lang='lat' dir='ltr'>ad</span> <span class='ocrx_word' id='word_1_116' title='bbox 2154 2567 2527 2690; x_wconf 54' lang='lat' dir='ltr'>tempns&#39;,</span> 
     </span>
     <span class='ocr_line' id='line_1_19' title="bbox 608 2692 2605 2820; baseline 0 -27"><span class='ocrx_word' id='word_1_117' title='bbox 608 2694 614 2699; x_wconf 45' lang='lat'><em>⁷</em></span> <span class='ocrx_word' id='word_1_118' title='bbox 664 2702 1173 2793; x_wconf 72' lang='lat' dir='ltr'>libentissime</span> <span class='ocrx_word' id='word_1_119' title='bbox 1210 2692 1649 2797; x_wconf 77' lang='lat' dir='ltr'>refirmavit</span> <span class='ocrx_word' id='word_1_120' title='bbox 1673 2774 1696 2798; x_wconf 90' lang='lat'><strong>.</strong></span> <span class='ocrx_word' id='word_1_121' title='bbox 1735 2707 1900 2797; x_wconf 85' lang='lat' dir='ltr'>Sed</span> <span class='ocrx_word' id='word_1_122' title='bbox 1967 2736 2116 2795; x_wconf 88' lang='lat' dir='ltr'>cnr</span> <span class='ocrx_word' id='word_1_123' title='bbox 2179 2705 2520 2820; x_wconf 77' lang='lat' dir='ltr'>amplius</span> <span class='ocrx_word' id='word_1_124' title='bbox 2589 2694 2605 2713; x_wconf 71' lang='grc'><em>’</em></span> 
     </span>
     <span class='ocr_line' id='line_1_20' title="bbox 666 2832 2539 2957; baseline 0.002 -38"><span class='ocrx_word' id='word_1_125' title='bbox 666 2832 881 2921; x_wconf 84' lang='lat' dir='ltr'>insto</span> <span class='ocrx_word' id='word_1_126' title='bbox 903 2836 945 2921; x_wconf 71' lang='grc' dir='ltr'>Ρ</span> <span class='ocrx_word' id='word_1_127' title='bbox 982 2834 1313 2927; x_wconf 81' lang='lat' dir='ltr'>Clarum</span> <span class='ocrx_word' id='word_1_128' title='bbox 1350 2864 1471 2927; x_wconf 76' lang='lat' dir='ltr'>est</span> <span class='ocrx_word' id='word_1_129' title='bbox 1498 2908 1524 2950; x_wconf 88' lang='lat'>‚</span> <span class='ocrx_word' id='word_1_130' title='bbox 1561 2866 1644 2929; x_wconf 90' lang='lat' dir='ltr'>et</span> <span class='ocrx_word' id='word_1_131' title='bbox 1684 2840 2052 2957; x_wconf 78' lang='lat' dir='ltr'>privatim</span> <span class='ocrx_word' id='word_1_132' title='bbox 2085 2906 2113 2949; x_wconf 84' lang='lat'>,</span> <span class='ocrx_word' id='word_1_133' title='bbox 2149 2862 2234 2923; x_wconf 91' lang='lat' dir='ltr'>et</span> <span class='ocrx_word' id='word_1_134' title='bbox 2276 2836 2539 2952; x_wconf 80' lang='lat' dir='ltr'>puhli-</span> 
     </span>
     <span class='ocr_line' id='line_1_21' title="bbox 671 2961 2539 3081; baseline 0.001 -30"><span class='ocrx_word' id='word_1_135' title='bbox 671 2991 764 3051; x_wconf 84' lang='lat' dir='ltr'>ce</span> <span class='ocrx_word' id='word_1_136' title='bbox 801 2962 871 3049; x_wconf 88' lang='lat' dir='ltr'><strong>F</strong></span> <span class='ocrx_word' id='word_1_137' title='bbox 872 2961 1307 3055; x_wconf 75' lang='lat' dir='ltr'>lorentinos</span> <span class='ocrx_word' id='word_1_138' title='bbox 1342 2999 1534 3057; x_wconf 86' lang='lat' dir='ltr'>eum</span> <span class='ocrx_word' id='word_1_139' title='bbox 1571 2970 1946 3058; x_wconf 78' lang='lat' dir='ltr'>omnibus</span> <span class='ocrx_word' id='word_1_140' title='bbox 1999 2967 2285 3055; x_wconf 86' lang='lat' dir='ltr'>mundi</span> <span class='ocrx_word' id='word_1_141' title='bbox 2353 2998 2539 3081; x_wconf 81' lang='lat' dir='ltr'>gen-</span> 
     </span>
     <span class='ocr_line' id='line_1_22' title="bbox 674 3090 2542 3217; baseline 0.003 -40"><span class='ocrx_word' id='word_1_142' title='bbox 674 3090 891 3178; x_wconf 82' lang='lat' dir='ltr'>tibns</span> <span class='ocrx_word' id='word_1_143' title='bbox 926 3098 1373 3185; x_wconf 76' lang='lat' dir='ltr'>conversari</span> <span class='ocrx_word' id='word_1_144' title='bbox 1398 3164 1425 3207; x_wconf 92' lang='lat'>‚</span> <span class='ocrx_word' id='word_1_145' title='bbox 1462 3103 1791 3188; x_wconf 79' lang='lat' dir='ltr'>mercari</span> <span class='ocrx_word' id='word_1_146' title='bbox 1820 3170 1843 3211; x_wconf 89' lang='lat'>‚</span> <span class='ocrx_word' id='word_1_147' title='bbox 1881 3099 2542 3217; x_wconf 80' lang='lat' dir='ltr'>contrahereque,</span> 
     </span>
     <span class='ocr_line' id='line_1_23' title="bbox 675 3220 2524 3340; baseline 0.003 -33"><span class='ocrx_word' id='word_1_148' title='bbox 675 3220 904 3340; x_wconf 82' lang='lat' dir='ltr'>qnod</span> <span class='ocrx_word' id='word_1_149' title='bbox 942 3222 1301 3337; x_wconf 86' lang='lat' dir='ltr'>profecto</span> <span class='ocrx_word' id='word_1_150' title='bbox 1358 3256 1522 3313; x_wconf 88' lang='lat' dir='ltr'>non</span> <span class='ocrx_word' id='word_1_151' title='bbox 1562 3255 1758 3317; x_wconf 86' lang='lat' dir='ltr'>esset</span> <span class='ocrx_word' id='word_1_152' title='bbox 1783 3296 1808 3340; x_wconf 92' lang='lat'><strong>,</strong></span> <span class='ocrx_word' id='word_1_153' title='bbox 1847 3234 1908 3317; x_wconf 80' lang='lat' dir='ltr'>si</span> <span class='ocrx_word' id='word_1_154' title='bbox 1953 3255 2110 3317; x_wconf 81' lang='lat' dir='ltr'>tam</span> <span class='ocrx_word' id='word_1_155' title='bbox 2143 3226 2524 3315; x_wconf 88' lang='lat' dir='ltr'>immode-</span> 
     </span>
     <span class='ocr_line' id='line_1_24' title="bbox 678 3348 2538 3469; baseline 0.004 -33"><span class='ocrx_word' id='word_1_156' title='bbox 678 3372 846 3439; x_wconf 78' lang='lat' dir='ltr'>rate</span> <span class='ocrx_word' id='word_1_157' title='bbox 882 3348 1271 3469; x_wconf 84' lang='lat' dir='ltr'>fingerent</span> <span class='ocrx_word' id='word_1_158' title='bbox 1296 3425 1323 3468; x_wconf 91' lang='lat'>,</span> <span class='ocrx_word' id='word_1_159' title='bbox 1360 3380 1441 3445; x_wconf 86' lang='lat' dir='ltr'>et</span> <span class='ocrx_word' id='word_1_160' title='bbox 1478 3363 2026 3451; x_wconf 84' lang='lat' dir='ltr'>mentirentur.</span> <span class='ocrx_word' id='word_1_161' title='bbox 2067 3362 2538 3450; x_wconf 80' lang='lat' dir='ltr'>Coutnntnr</span> 
     </span>
     <span class='ocr_line' id='line_1_25' title="bbox 678 3480 2539 3607; baseline 0.002 -40"><span class='ocrx_word' id='word_1_162' title='bbox 678 3480 1155 3570; x_wconf 80' lang='lat' dir='ltr'>Florentinis</span> <span class='ocrx_word' id='word_1_163' title='bbox 1180 3552 1205 3596; x_wconf 88' lang='lat'><strong>,</strong></span> <span class='ocrx_word' id='word_1_164' title='bbox 1243 3486 1389 3605; x_wconf 81' lang='lat' dir='ltr'>qui</span> <span class='ocrx_word' id='word_1_165' title='bbox 1426 3518 1576 3575; x_wconf 86' lang='lat' dir='ltr'>nee</span> <span class='ocrx_word' id='word_1_166' title='bbox 1613 3487 1882 3576; x_wconf 77' lang='lat' dir='ltr'>fallere</span> <span class='ocrx_word' id='word_1_167' title='bbox 1945 3491 2283 3607; x_wconf 87' lang='lat' dir='ltr'>eupiunt</span> <span class='ocrx_word' id='word_1_168' title='bbox 2314 3554 2339 3596; x_wconf 89' lang='lat'><strong>,</strong></span> <span class='ocrx_word' id='word_1_169' title='bbox 2389 3517 2539 3573; x_wconf 85' lang='lat' dir='ltr'>nec</span> 
     </span>
     <span class='ocr_line' id='line_1_26' title="bbox 679 3611 2539 3738; baseline 0.001 -39"><span class='ocrx_word' id='word_1_170' title='bbox 679 3611 839 3699; x_wconf 83' lang='lat' dir='ltr'>salli</span> <span class='ocrx_word' id='word_1_171' title='bbox 873 3680 897 3723; x_wconf 88' lang='lat'>‚</span> <span class='ocrx_word' id='word_1_172' title='bbox 936 3635 1381 3703; x_wconf 77' lang='lat' dir='ltr'>contuntur</span> <span class='ocrx_word' id='word_1_173' title='bbox 1415 3618 1820 3738; x_wconf 75' lang='lat' dir='ltr'>siquidem</span> <span class='ocrx_word' id='word_1_174' title='bbox 1847 3686 1874 3733; x_wconf 90' lang='lat'><strong>,</strong></span> <span class='ocrx_word' id='word_1_175' title='bbox 1913 3644 1994 3709; x_wconf 85' lang='lat' dir='ltr'>et</span> <span class='ocrx_word' id='word_1_176' title='bbox 2053 3622 2166 3706; x_wconf 79' lang='lat' dir='ltr'>eis</span> <span class='ocrx_word' id='word_1_177' title='bbox 2229 3646 2539 3703; x_wconf 73' lang='lat' dir='ltr'><strong>summa</strong></span> 
     </span>
     <span class='ocr_line' id='line_1_27' title="bbox 676 3742 2544 3863; baseline 0.002 -34"><span class='ocrx_word' id='word_1_178' title='bbox 676 3742 1242 3861; x_wconf 73' lang='lat' dir='ltr'>complacentia</span> <span class='ocrx_word' id='word_1_179' title='bbox 1279 3743 1776 3841; x_wconf 76' lang='lat' dir='ltr'>delectantur</span> <span class='ocrx_word' id='word_1_180' title='bbox 1811 3816 1838 3863; x_wconf 90' lang='lat'><strong>,</strong></span> <span class='ocrx_word' id='word_1_181' title='bbox 1901 3746 2544 3863; x_wconf 74' lang='lat' dir='ltr'>circumspicien-</span> 
     </span>
    </p>
   </div>
  </div>
 </body>
</html>
