2981 4742
795 339 952 428 288

675 505 790 599 ,¹³¹²
835 517 914 566 se
969 502 1187 594 putat
1255 483 1533 591 asseri,
1601 485 1783 597 iugo
1846 515 2031 570 suae
2090 485 2547 598 'tyrannidis

715 612 900 701 lecit
977 613 1510 700 miserabiliter
1578 617 1994 728 occupari.
2069 615 2216 700 Dic
2282 639 2605 724 nunc,·‘

712 747 1208 860 quicumque
1246 746 1347 828 sis
1379 813 1400 850 ‚
1441 745 1653 828 hunc
1698 745 2059 857 Liguriae
2116 745 2547 858 principem

713 872 1142 958 avidiorem
1176 874 1377 985 pacis
1407 872 1912 990 fnisse-,quam
1943 873 2339 987 splendori
2369 906 2550 960 suae

712 1004 1129 1113 dignitatis,
1171 1029 1248 1087 et
1291 1007 1627 1086 nominis
1666 1009 2145 1090 conveniret.
2190 1005 2343 1088 Dic
2386 1039 2551 1112 nos,

714 1135 1008 1248 quibus
1040 1131 1228 1214 nihil
1263 1136 1597 1243 gravius,
1638 1119 1877 1250 quam
1924 1135 2550 1246 brlnmgerere,

717 1262 910 1346 nihil
951 1263 1354 1348 difficilius
1420 1295 1658 1379 quam
1704 1265 1899 1348 bella
1932 1331 1954 1370 ,
1997 1266 2174 1348 licet
2218 1294 2555 1350 necessa-

717 1397 852 1499 ria,
893 1393 1370 1499 deliberare,
1413 1394 1601 1476 nihil
1644 1395 2065 1506 optabilius
2104 1399 2563 1482 amoenitate

717 1516 1320 1638 tranquillitatis,
1362 1547 1440 1605 et
1477 1526 1715 1633 pacis,
1744 1523 1933 1606 nibil
1976 1525 2561 1609 incommodius

716 1654 1132 1763 privatim,
1189 1677 1265 1736 et
1327 1655 1643 1767 publice
1710 1651 1983 1736 bellica
2053 1654 2448 1762 vastitate,
2512 1689 2553 1738 a

715 1781 1054 1894 quietis,
1096 1807 1174 1867 et
1217 1787 1420 1896 pacis
1461 1777 1817 1866 consiliis
1864 1781 2401 1888 abhorruisse,
2469 1807 2550 1868 et

722 1911 984 1994 verbis
1055 1943 1391 2017 exorna,
1456 1913 1516 1993 si
1576 1911 1871 2022 placet,
1912 1941 2154 2020 auge,
2226 1910 2345 1992 vel
2417 1911 2553 1994 ho·

728 2063 936 2124 nesta
1003 2043 1454 2150 sententiis-‚3
1495 2040 1727 2123 crede
1796 2038 1984 2120 mihi
2018 2103 2043 2146 ,
2110 2038 2297 2120 nihil
2370 2037 2560 2124 fidei

664 2223 673 2232 -
716 2197 951 2282 penes
991 2170 1234 2251 bonos
1265 2235 1286 2273 ‚
1323 2195 1398 2251 et
1444 2199 1710 2280 graves
1741 2234 1762 2269 ,
1802 2193 1879 2250 et
1924 2165 2153 2271 facta,
2196 2199 2349 2248 non
2384 2198 2554 2280 ger-

717 2300 811 2381 ba
859 2299 1382 2409 ponderantes
1428 2301 1714 2411 poteris
1756 2298 2559 2407 promereri.Vernm‚

713 2430 1496 2515 inconsideratissime:
1576 2427 1877 2532 bellua,
1920 2458 2103 2511 cum
2147 2450 2319 2547 ‘nos‘
2378 2452 2556 2539 post

713 2562 1076 2671 Liguriae
1149 2558 1638 2674 principem,
1704 2560 1895 2643 scire
1965 2556 2208 2639 multa
2240 2625 2261 2660 ,
2331 2588 2551 2667 posse

715 2693 980 2773 omnia
1023 2690 1258 2794 dicas,
1301 2686 1708 2804 quomodo
1751 2718 1887 2769 nos
1929 2684 2221 2767 faecem
2270 2686 2552 2791 ltaliae,

715 2843 868 2903 tam
913 2820 1060 2902 alte
1103 2818 1205 2915 de
1249 2819 1472 2903 nobis
1538 2819 1903 2922 sentienS,
1941 2816 2404 2928 appellasti?
2468 2816 2556 2901 Si

713 2948 880 3037 faex
923 2947 1176 3031 ltaliae
1216 2956 1508 3052 sumus3
1534 2945 1947 3064 'quomodo
1994 2946 2387 3054 potuimus
2420 2975 2559 3027 nos

515 3186 523 3194 ·
715 3078 912 3186 soli,
975 3105 1055 3164 et
1121 3069 1199 3163 in
1273 3082 1552 3162 nostris
1622 3076 1981 3159 manibus
2044 3081 2281 3169 situm
2322 3096 2561 3179 erat,

595 3234 599 3239 ’
717 3214 979 3303 Italiae
1024 3241 1289 3327 pacem
1325 3209 1581 3299 dare?
1619 3208 1799 3293 Hoc
1840 3236 2037 3319 opus
2090 3236 2261 3329 non
2316 3229 2563 3311 extre?
2650 3292 2669 3309 .

637 3355 646 3364 ’
719 3374 890 3429 mae
935 3338 1165 3427 faecis
1197 3409 1219 3448 ,
1259 3338 1400 3424 sed
1443 3339 1728 3425 summi
1776 3337 2043 3447 capitis
2084 3330 2244 3437 esse
2311 3335 2559 3437 solet-3.

716 3476 794 3560 Si
841 3502 1112 3588 pacem
1179 3467 1489 3576 Italiae,
1554 3464 2075 3549 sicut-forsan
2145 3462 2558 3575 intelligis,

654 3607 886 3691 “esse
963 3600 1188 3687 ducis
1281 3596 1432 3681 sub
1515 3588 1673 3678 uno
1748 3596 1999 3707 capite
2079 3597 2495 3681 convenire
2524 3660 2549 3699 ‚
2620 3666 2623 3671 .

711 3734 956 3849 idque
996 3716 1272 3847 tribuis
1312 3725 1499 3814 duci
1530 3749 1718 3834 tuo,
1762 3754 2033 3841 pacem
2075 3722 2277 3811 hane
2314 3718 2575 3811 fateor-
