2981 4742
782 350 943 435 ¹9²

684 461 1154 594 ’spondiqne
1194 495 1339 582 pro
1376 467 1657 575 Gallis,
1691 467 1855 556 dixi
1897 465 2232 586 plurima
2259 489 2528 554 contra

658 713 662 724 ι
706 611 835 698 te,
875 592 1287 703 maledicta
1358 621 1538 705 tua,
1587 624 1667 684 et
1731 600 2204 714 imperitiam
2271 623 2488 684 tuam
2517 664 2540 686 .

712 721 1023 812 Conare
1050 793 1073 834 ,
1111 729 1171 812 si
1215 751 1439 842 potes
1467 795 1492 834 ,
1535 753 1622 815 nt
1659 729 1760 813 ad
1816 730 1954 812 ista
2020 725 2490 840 respondeas
2515 791 2543 832 ,

668 852 1050 962 ,adducta
1080 923 1105 964 ,
1141 857 1345 944 sicut
1388 859 1656 964 decet,
1695 862 1774 942 in
1819 857 2179 942 medinm
2223 859 2540 942 ratione.

704 979 891 1068 Non
934 984 1408 1098 obiurgeris,
1446 1011 1525 1072 et
1575 1019 1718 1100 ego
1783 1017 1942 1070 non
2006 985 2527 1096 obiurgabora.

704 1112 1036 1200 Possum
1080 1141 1157 1200 te
1199 1116 1457 1202 dicere
1495 1115 1710 1235 (quis
1739 1118 1946 1199 enim
1977 1111 2262 1231 vetatP)
2288 1143 2538 1196 assen-

712 1249 1008 1328 tatione
1078 1247 1580 1356 Gnatonem,
1655 1245 2115 1332 crudelitate
2195 1243 2490 1356 Syllam
2521 1307 2544 1347 ,

708 1403 854 1460 nec
932 1377 1230 1490 Syllam
1312 1379 1860 1486 solummodo,
1935 1375 2071 1460 sed
2151 1377 2490 1460 Marium
2523 1439 2548 1480 ,

706 1502 1089 1612 Cinnam,
1128 1508 1577 1615 Neronem,
1620 1510 1784 1593 sive
1826 1504 2303 1617 Caligulam3
2372 1535 2545 1616 pos-

704 1663 883 1720 sum
925 1662 1002 1722 et
1057 1640 1652 1746 Domitianum,
1718 1667 2200 1753 pessumque
2265 1637 2546 1720 Muna-

705 1765 921 1851 cium
953 1834 975 1873 ‚
1018 1797 1334 1881 possum
1378 1767 1680 1852 luxuria
1724 1789 1802 1849 te
1841 1765 2104 1848 dicere
2157 1763 2530 1850 Sardana-

707 1895 975 2008 palum
1006 1964 1027 2002 ‚
1070 1897 1471 2011 voluptate
1515 1897 1891 1999 Xersem,
1933 1895 2070 2007 qui
2117 1922 2359 1974 novae
2399 1892 2537 1974 de·
2622 1919 2636 1925 ·

709 2023 1139 2129 lectationis
1176 2029 1471 2109 auctori
1514 2011 1790 2110 edicto
1816 2022 2162 2136 publico,
2201 2021 2537 2132 praemia

718 2157 1143 2243 constituit.
1189 2159 1517 2243 Possum
1562 2155 1884 2242 libidine
1927 2176 2003 2238 te
2033 2183 2307 2234 vocare
2338 2154 2545 2236 Pria·

709 2314 947 2399 pum,
986 2312 1221 2405 atque
1264 2287 1664 2392 Silenum,
1727 2309 1806 2371 et
1867 2309 1959 2369 ut
2023 2282 2123 2366 ad
2193 2283 2544 2365 historias

702 2440 1122 2529 transeam,
1162 2420 1600 2506 Antonium
1646 2402 2147 2501 triumvirum
2177 2479 2202 2519 ,
2253 2438 2332 2495 et
2394 2413 2534 2527 qui

702 2548 785 2633 in
831 2549 974 2634 hac
1016 2582 1097 2635 re
1138 2575 1417 2633 cuncta
1470 2546 1804 2631 Veneris
1883 2565 2218 2629 monstra
2297 2542 2538 2649 vicit,

624 2690 627 2694 ’
703 2681 1099 2795 nequitiae
1167 2678 1653 2763 foedissimae
1718 2675 2309 2789 spurcissimum
2378 2673 2531 2754 Va-

640 2806 646 2814 *
704 2810 911 2893 rium
934 2807 1602 2957 Antoninutn,qui
1635 2828 1709 2888 et
1738 2799 2242 2913 Eliogabalus
2270 2798 2529 2883 dictus

696 2959 847 3022 est.
873 2938 1198 3023 Possum
1226 2940 1453 3019 etiam
1485 2961 1560 3019 te
1589 2934 1674 3018 P.
1703 2930 2079 3017 Clodium
2108 2926 2524 3040 appellare,

700 3069 999 3151 incestu
1071 3051 1483 3147 sordidum
1557 3063 1634 3144 in
1703 3089 2092 3164 sororem,
2158 3053 2529 3141 infamem

662 3192 1021 3311 pollutis
1061 3194 1616 3295 caeremoniis,
1656 3188 2024 3299 sacrilego
2065 3184 2527 3290 concubitu,

697 3326 1239 3447 corruptisque
1284 3322 1614 3436 pecnnia
1657 3318 2109 3421 iudicibuS,
2156 3343 2300 3397 nec
2365 3344 2524 3397 nou

697 3484 781 3545 et
860 3454 1290 3608 prostitutis
1369 3448 1870 3534 infandorum
1952 3446 2310 3529 iudicum
2391 3472 2526 3527 ne·
2623 3444 2632 3453 ’

700 3590 993 3709 quitiae
1025 3613 1159 3698 per
1191 3579 1455 3666 venale
1489 3576 1702 3661 nefas
1719 3574 2178 3690 ,scelusque
2201 3592 2520 3657 noctur·-

702 3750 941 3830 nnm,
976 3715 1239 3833 pueris
1287 3709 1694 3826 ingenuis,
1751 3705 2307 3821 nobilibusque
2370 3729 2558 3805 ma·-
