2981 4742
680 387 846 504 ¹96

595 529 794 646 qui,
831 556 1021 619 cum
1077 557 1224 644 pro
1286 549 1559 644 parte,
1620 551 1864 642 quam
1928 547 2209 634 tueor,
2277 547 2431 614 stet
2522 572 2529 580 ·

589 660 1012 750 certissima
1041 659 1322 750 verius
1347 724 1374 768 ,
1409 682 1651 774 atque
1680 658 2065 772 prompta,
2104 689 2265 744 uon
2292 656 2433 742 de-

593 786 776 876 beat
810 788 1042 874 etiam
1083 787 1629 904 pervicacibus
1654 787 2055 902 perorare?
2092 787 2237 905 qni
2279 818 2442 874 non

489 998 496 1004 .
591 917 838 1032 pontit
873 918 1569 1030 interrogationum
1610 913 2099 1004 vehementia
2141 945 2435 1032 punge-

591 1075 720 1153 re,
755 1048 1006 1134 immo
1067 1045 1499 1136 confodere
1563 1078 1662 1134 ex
1724 1049 2091 1162 opposito
2154 1047 2427 1161 dispu-

456 1271 462 1281 ,
591 1177 942 1264 tantem?
995 1175 1142 1294 qui
1205 1205 1365 1262 non
1429 1177 1671 1292 possit
1734 1175 2423 1282 exclamationibus

537 1409 548 1420 ,
591 1335 764 1394 rom
813 1307 1144 1420 augere?
1207 1307 1348 1422 qui
1419 1335 1579 1390 non
1645 1304 1887 1422 possit
1966 1333 2423 1418 permovere

589 1435 886 1525 crebris
923 1431 1913 1548 indignationibus-animos
1938 1432 2419 1544 auditorum,

591 1563 1152 1681 moderataque
1187 1557 1755 1678 conquestione
1795 1559 2051 1646 taliter
2089 1561 2422 1674 afficere,
2540 1555 2547 1562 ’

591 1691 816 1810 quod
853 1695 936 1780 in
973 1692 1731 1782 commiserationem
1771 1720 2323 1804 personarum,-
2340 1717 2423 1779 et

588 1844 1038 1934 temporum
1081 1819 1426 1906 inclinati
1461 1819 1607 1906 sibi
1650 1818 1997 1928 faveant,
2037 1843 2116 1905 et
2140 1819 2409 1909 adver-

584 1952 798 2042 san-iis
835 1950 1315 2039 irascantur?
1351 1947 1514 2038 Sed
1554 1947 1756 2067 quid
1798 1949 2128 2034 moror?
2167 1949 2422 2036 Exeat

579 2111 630 2165 e
667 2078 974 2168 latebris
1013 2077 1202 2166 baec
1271 2079 1573 2192 vipera,
1640 2107 1843 2194 quae
1908 2100 2025 2162 tot
2089 2075 2411 2162 dicendi

581 2199 1003 2307 reflexibus
1040 2235 1188 2320 pro
1225 2206 1487 2320 vipera
1512 2203 2004 2294 declamavit.
2027 2205 2415 2316 Efficiam,

582 2336 663 2421 ni
703 2333 970 2447 fallor,
1007 2334 1230 2455 quod
1267 2333 1577 2421 sibilare
1618 2334 1965 2426 desistat.
2006 2335 2247 2423 Nunc
2272 2367 2410 2422 au-

578 2493 782 2579 tem,
818 2466 1324 2579 ssi-dignum,
1387 2460 1619 2581 sique
1682 2467 1827 2550 tibi
1896 2464 2211 2551 videtur
2276 2464 2417 2550 ho-

585 2598 1154 2681 minis-ratione
1193 2594 1551 2708 degentis
1590 2626 1785 2703 esse,
1810 2594 2121 2679 nullum
2154 2594 2422 2681 lauda-

577 2726 818 2811 bilem
864 2724 1102 2811 finem
1150 2727 1356 2809 inre
1411 2726 1598 2809 tanti
1649 2725 2053 2835 ponderis,
2120 2750 2414 2841 quanta

573 2860 672 2939 sit
716 2854 1180 2939 maledicere
1222 2852 1725 2957 Florentinis,
1754 2854 1908 2938 'tibi
1945 2878 2415 2967 proponere,

483 3000 492 3007 “
575 3012 820 3097 quem
862 2982 1268 3090 intendas,
1311 2983 1462 3067 nisi
1510 2980 2031 3091 maledixisse,
2098 2983 2244 3067 nisi
2310 2982 2416 3067 fa·

527 3144 532 3149 ·
576 3137 1082 3225 manitantae
1123 3114 1369 3225 gentis
1422 3112 1760 3226 voluisse
1828 3138 1944 3198 tot
2006 3110 2413 3229 exquisitis

411 3348 418 3357 ι
585 3241 1010 3328 mendaciis
1050 3238 1509 3350 obscurare,
1550 3245 1737 3350 nisi,
1778 3228 1989 3332 sieut·
2018 3242 2211 3350 dixi,
2253 3272 2413 3327 ma-

365 3422 378 3437 ·
417 3369 482 3421 χ
577 3374 734 3471 litia
779 3373 934 3459 frui
975 3386 1152 3485 tua3
1189 3372 1415 3490 sique
1459 3370 1825 3486 pulcrum
1854 3440 1879 3481 ,
1930 3373 2413 3479 oratorium,

579 3529 660 3604 et
699 3501 1212 3591 artificiosum
1251 3526 1370 3588 est
1409 3503 1781 3587 orationis
1820 3503 2043 3586 initio
2070 3566 2094 3608 ,
2157 3495 2349 3583 fidei
2381 3561 2408 3606 ,

353 3708 394 3719 ..
519 3698 524 3703 .
558 3640 638 3719 ai
661 3650 918 3754 qua'm
981 3632 1290 3750 assequi
1355 3631 1686 3745 debeas,
1750 3630 2119 3744 abrogare
2183 3625 2422 3739 culpa

580 3786 750 3873 tua,
790 3787 872 3850 et
913 3763 1381 3879 procacitate
1445 3786 1618 3875 ωας
1671 3760 1898 3879 sique
1962 3753 2427 3847 adversariis
2514 3750 2523 3757 ’
