<?xml version="1.0" encoding="UTF-8"?>
<!DOCTYPE html PUBLIC "-//W3C//DTD XHTML 1.0 Transitional//EN"
    "http://www.w3.org/TR/xhtml1/DTD/xhtml1-transitional.dtd">
<html xmlns="http://www.w3.org/1999/xhtml" xml:lang="en" lang="en">
 <head>
  <title>
</title>
<meta http-equiv="Content-Type" content="text/html;charset=utf-8" />
  <meta name='ocr-system' content='tesseract 3.04.00' />
  <meta name='ocr-capabilities' content='ocr_page ocr_carea ocr_par ocr_line ocrx_word'/>
</head>
<body>
  <div class='ocr_page' id='page_1' title='image "./invectivalinico00salugoog/invectivalinico00salugoog_0102.png"; bbox 0 0 2981 4742; ppageno 0'>
   <div class='ocr_carea' id='block_1_1' title="bbox 338 509 2314 3906">
    <p class='ocr_par' dir='ltr' id='par_1_1' title="bbox 338 509 2314 3906">
     <span class='ocr_line' id='line_1_1' title="bbox 449 509 2299 638; baseline 0.003 -32"><span class='ocrx_word' id='word_1_1' title='bbox 449 545 579 608; x_wconf 77' lang='lat' dir='ltr'><em>au&#39;t</em></span> <span class='ocrx_word' id='word_1_2' title='bbox 627 557 1036 638; x_wconf 82' lang='lat' dir='ltr'><em>possumus</em></span> <span class='ocrx_word' id='word_1_3' title='bbox 1081 561 1228 611; x_wconf 85' lang='lat' dir='ltr'><em>una</em></span> <span class='ocrx_word' id='word_1_4' title='bbox 1275 529 1458 612; x_wconf 79' lang='lat' dir='ltr'><em>hora</em></span> <span class='ocrx_word' id='word_1_5' title='bbox 1500 527 2095 615; x_wconf 73' lang='lat' dir='ltr'><em>consistereP&#39;Si</em></span> <span class='ocrx_word' id='word_1_6' title='bbox 2141 509 2299 612; x_wconf 83' lang='lat' dir='ltr'><em>sitit</em></span> 
     </span>
     <span class='ocr_line' id='line_1_2' title="bbox 449 659 2296 772; baseline 0.002 -35"><span class='ocrx_word' id='word_1_7' title='bbox 449 682 808 742; x_wconf 80' lang='lat' dir='ltr'><em>nostrum</em></span> <span class='ocrx_word' id='word_1_8' title='bbox 839 665 1320 772; x_wconf 83' lang='lat' dir='ltr'><em>sanguinem,</em></span> <span class='ocrx_word' id='word_1_9' title='bbox 1350 689 1498 742; x_wconf 88' lang='lat' dir='ltr'><em>cut·</em></span> <span class='ocrx_word' id='word_1_10' title='bbox 1526 691 1685 744; x_wconf 88' lang='lat' dir='ltr'><em>non</em></span> <span class='ocrx_word' id='word_1_11' title='bbox 1718 659 1941 764; x_wconf 88' lang='lat' dir='ltr'><em>bibit,</em></span> <span class='ocrx_word' id='word_1_12' title='bbox 1966 689 2109 742; x_wconf 85' lang='lat' dir='ltr'><em>cut·</em></span> <span class='ocrx_word' id='word_1_13' title='bbox 2138 691 2296 741; x_wconf 88' lang='lat' dir='ltr'><em>non</em></span> 
     </span>
     <span class='ocr_line' id='line_1_3' title="bbox 445 789 2301 904; baseline 0.004 -36"><span class='ocrx_word' id='word_1_14' title='bbox 445 789 704 873; x_wconf 80' lang='lat' dir='ltr'><em>eruit?</em></span> <span class='ocrx_word' id='word_1_15' title='bbox 733 792 812 876; x_wconf 89' lang='lat' dir='ltr'><em>Si</em></span> <span class='ocrx_word' id='word_1_16' title='bbox 845 791 1149 876; x_wconf 81' lang='lat' dir='ltr'><em>ruinam</em></span> <span class='ocrx_word' id='word_1_17' title='bbox 1182 816 1517 874; x_wconf 83' lang='lat' dir='ltr'><em>nostram</em></span> <span class='ocrx_word' id='word_1_18' title='bbox 1548 790 1921 902; x_wconf 78' lang='lat' dir='ltr'>exposcit,</span> <span class='ocrx_word' id='word_1_19' title='bbox 1948 789 2127 904; x_wconf 86' lang='lat' dir='ltr'><em>quis</em></span> <span class='ocrx_word' id='word_1_20' title='bbox 2158 789 2301 875; x_wconf 91' lang='lat' dir='ltr'><em>ob-</em></span> 
     </span>
     <span class='ocr_line' id='line_1_4' title="bbox 443 919 2301 1032; baseline 0.003 -35"><span class='ocrx_word' id='word_1_21' title='bbox 443 940 646 1000; x_wconf 84' lang='lat' dir='ltr'><em>stare</em></span> <span class='ocrx_word' id='word_1_22' title='bbox 691 944 941 1030; x_wconf 86' lang='lat' dir='ltr'><em>potest</em></span> <span class='ocrx_word' id='word_1_23' title='bbox 993 921 1316 1004; x_wconf 85' lang='lat' dir='ltr'><em>Divinae</em></span> <span class='ocrx_word' id='word_1_24' title='bbox 1359 922 1664 1028; x_wconf 88' lang='lat' dir='ltr'><em>Manui,</em></span> <span class='ocrx_word' id='word_1_25' title='bbox 1692 949 1875 1004; x_wconf 88' lang='lat' dir='ltr'><em>cum</em></span> <span class='ocrx_word' id='word_1_26' title='bbox 1922 919 2301 1032; x_wconf 84' lang='lat' dir='ltr'><em>scriptum</em></span> 
     </span>
     <span class='ocr_line' id='line_1_5' title="bbox 445 1047 2305 1167; baseline 0.003 -39"><span class='ocrx_word' id='word_1_27' title='bbox 445 1047 1048 1134; x_wconf 76' lang='lat' dir='ltr'><em>sit2Voluntati</em></span> <span class='ocrx_word' id='word_1_28' title='bbox 1085 1057 1259 1135; x_wconf 81' lang='lat' dir='ltr'><em>eius</em></span> <span class='ocrx_word' id='word_1_29' title='bbox 1299 1056 1482 1167; x_wconf 83' lang='lat' dir='ltr'><em>quis</em></span> <span class='ocrx_word' id='word_1_30' title='bbox 1522 1054 1909 1136; x_wconf 75' lang='lat' dir='ltr'><em>resistet?</em></span> <span class='ocrx_word' id='word_1_31' title='bbox 1938 1048 2127 1134; x_wconf 86' lang='lat' dir='ltr'><em>Mox</em></span> <span class='ocrx_word' id='word_1_32' title='bbox 2168 1061 2305 1143; x_wconf 85' lang='lat' dir='ltr'><em>au&#39;-</em></span> 
     </span>
     <span class='ocr_line' id='line_1_6' title="bbox 455 1179 2305 1299; baseline 0.003 -41"><span class='ocrx_word' id='word_1_33' title='bbox 455 1199 617 1261; x_wconf 87' lang='lat' dir='ltr'><em>tem</em></span> <span class='ocrx_word' id='word_1_34' title='bbox 661 1179 878 1264; x_wconf 86' lang='lat' dir='ltr'><em>velut</em></span> <span class='ocrx_word' id='word_1_35' title='bbox 919 1181 1022 1264; x_wconf 86' lang='lat' dir='ltr'><em>ab</em></span> <span class='ocrx_word' id='word_1_36' title='bbox 1058 1181 1336 1265; x_wconf 86' lang='lat' dir='ltr'><em>effectu</em></span> <span class='ocrx_word' id='word_1_37' title='bbox 1383 1182 1713 1294; x_wconf 79' lang='lat' dir='ltr'><em>probare</em></span> <span class='ocrx_word' id='word_1_38' title='bbox 1754 1182 2061 1289; x_wconf 82' lang='lat' dir='ltr'><em>niteris,</em></span> <span class='ocrx_word' id='word_1_39' title='bbox 2100 1210 2305 1299; x_wconf 89' lang='lat' dir='ltr'><em>quae</em></span> 
     </span>
     <span class='ocr_line' id='line_1_7' title="bbox 451 1306 2301 1426; baseline 0.004 -38"><span class='ocrx_word' id='word_1_40' title='bbox 451 1306 742 1396; x_wconf 80' lang='lat' dir='ltr'>dixisti.</span> <span class='ocrx_word' id='word_1_41' title='bbox 785 1311 1102 1417; x_wconf 79' lang='lat' dir='ltr'><em>Scribis,</em></span> <span class='ocrx_word' id='word_1_42' title='bbox 1141 1311 1405 1420; x_wconf 80' lang='lat' dir='ltr'><em>enim3</em></span> <span class='ocrx_word' id='word_1_43' title='bbox 1443 1331 1693 1426; x_wconf 81' lang='lat' dir='ltr'><em>atque</em></span> <span class='ocrx_word' id='word_1_44' title='bbox 1734 1309 1923 1398; x_wconf 87' lang='lat' dir='ltr'><em>ideo</em></span> <span class='ocrx_word' id='word_1_45' title='bbox 1966 1331 2301 1398; x_wconf 83' lang='lat' dir='ltr'><em>tantam</em></span> 
     </span>
     <span class='ocr_line' id='line_1_8' title="bbox 338 1437 2305 1549; baseline 0.003 -28"><span class='ocrx_word' id='word_1_46' title='bbox 338 1441 344 1449; x_wconf 76' lang='grc'><em>’</em></span> <span class='ocrx_word' id='word_1_47' title='bbox 420 1437 785 1548; x_wconf 78' lang='lat' dir='ltr'><em>furiam</em></span> <span class='ocrx_word' id='word_1_48' title='bbox 827 1447 1235 1530; x_wconf 78' lang='lat' dir='ltr'><em>mentibus</em></span> <span class='ocrx_word' id='word_1_49' title='bbox 1277 1451 1571 1530; x_wconf 79' lang='lat' dir='ltr'><em>vestris</em></span> <span class='ocrx_word' id='word_1_50' title='bbox 1626 1449 1969 1549; x_wconf 83' lang='lat' dir='ltr'><em>iniecit,</em></span> <span class='ocrx_word' id='word_1_51' title='bbox 2037 1462 2132 1526; x_wconf 80' lang='lat' dir='ltr'><em>ut</em></span> <span class='ocrx_word' id='word_1_52' title='bbox 2195 1437 2305 1526; x_wconf 81' lang='lat' dir='ltr'><em>de</em></span> 
     </span>
     <span class='ocr_line' id='line_1_9' title="bbox 457 1566 2311 1681; baseline 0.004 -30"><span class='ocrx_word' id='word_1_53' title='bbox 457 1566 800 1654; x_wconf 78' lang='lat' dir='ltr'><em>excidio</em></span> <span class='ocrx_word' id='word_1_54' title='bbox 843 1575 1209 1658; x_wconf 80' lang='lat' dir='ltr'><strong><em>Sanctae</em></strong></span> <span class='ocrx_word' id='word_1_55' title='bbox 1273 1573 1593 1661; x_wconf 77' lang='lat' dir='ltr'><em>Matris</em></span> <span class='ocrx_word' id='word_1_56' title='bbox 1662 1574 2086 1661; x_wconf 75' lang='lat' dir='ltr'><em>Ecclesiae</em></span> <span class='ocrx_word' id='word_1_57' title='bbox 2114 1638 2138 1681; x_wconf 91' lang='lat'><em>,</em></span> <span class='ocrx_word' id='word_1_58' title='bbox 2201 1569 2311 1659; x_wconf 83' lang='lat' dir='ltr'><em>de</em></span> 
     </span>
     <span class='ocr_line' id='line_1_10' title="bbox 457 1701 2311 1818; baseline 0.003 -37"><span class='ocrx_word' id='word_1_59' title='bbox 457 1705 922 1793; x_wconf 81' lang='lat' dir='ltr'><em>mutatione</em></span> <span class='ocrx_word' id='word_1_60' title='bbox 987 1705 1362 1790; x_wconf 80' lang='lat' dir='ltr'><em>Romani</em></span> <span class='ocrx_word' id='word_1_61' title='bbox 1426 1707 1832 1818; x_wconf 78' lang='lat' dir='ltr'><em>Imperii,</em></span> <span class='ocrx_word' id='word_1_62' title='bbox 1897 1701 2007 1788; x_wconf 85' lang='lat' dir='ltr'><em>de</em></span> <span class='ocrx_word' id='word_1_63' title='bbox 2059 1706 2311 1788; x_wconf 80' lang='lat' dir='ltr'><em>ruina</em></span> 
     </span>
     <span class='ocr_line' id='line_1_11' title="bbox 457 1830 2309 1948; baseline 0.004 -36"><span class='ocrx_word' id='word_1_64' title='bbox 457 1830 1040 1943; x_wconf 77' lang='lat' dir='ltr'><em>gloriosissimi</em></span> <span class='ocrx_word' id='word_1_65' title='bbox 1094 1837 1364 1921; x_wconf 83' lang='lat' dir='ltr'><em>Ducis</em></span> <span class='ocrx_word' id='word_1_66' title='bbox 1424 1840 1890 1948; x_wconf 81' lang='lat' dir='ltr'><em>perniciosa</em></span> <span class='ocrx_word' id='word_1_67' title='bbox 1955 1835 2309 1920; x_wconf 83' lang='lat' dir='ltr'><em>consilia</em></span> 
     </span>
     <span class='ocr_line' id='line_1_12' title="bbox 457 1961 2308 2080; baseline 0.004 -39"><span class='ocrx_word' id='word_1_68' title='bbox 457 1969 946 2049; x_wconf 76' lang='lat' dir='ltr'><em>tractat-etis</em></span> <span class='ocrx_word' id='word_1_69' title='bbox 974 2028 992 2048; x_wconf 89' lang='lat'><strong>.</strong></span> <span class='ocrx_word' id='word_1_70' title='bbox 1060 1964 1300 2049; x_wconf 87' lang='lat' dir='ltr'><em>Vnde</em></span> <span class='ocrx_word' id='word_1_71' title='bbox 1383 1965 1523 2048; x_wconf 85' lang='lat' dir='ltr'><em>tibi</em></span> <span class='ocrx_word' id='word_1_72' title='bbox 1555 2031 1577 2072; x_wconf 91' lang='lat'><em>,</em></span> <span class='ocrx_word' id='word_1_73' title='bbox 1648 1993 1815 2080; x_wconf 89' lang='lat' dir='ltr'><em>quo</em></span> <span class='ocrx_word' id='word_1_74' title='bbox 1892 1961 1997 2048; x_wconf 89' lang='lat' dir='ltr'><em>de</em></span> <span class='ocrx_word' id='word_1_75' title='bbox 2080 1966 2308 2051; x_wconf 90' lang='lat' dir='ltr'><em>Duce</em></span> 
     </span>
     <span class='ocr_line' id='line_1_13' title="bbox 453 2094 2303 2208; baseline 0.005 -37"><span class='ocrx_word' id='word_1_76' title='bbox 453 2111 644 2194; x_wconf 81' lang='lat' dir='ltr'><em>tun,</em></span> <span class='ocrx_word' id='word_1_77' title='bbox 682 2094 912 2177; x_wconf 89' lang='lat' dir='ltr'><em>cuius</em></span> <span class='ocrx_word' id='word_1_78' title='bbox 982 2094 1283 2178; x_wconf 86' lang='lat' dir='ltr'><em>utinam</em></span> <span class='ocrx_word' id='word_1_79' title='bbox 1351 2095 1718 2178; x_wconf 77' lang='lat' dir='ltr'><em>ordinare</em></span> <span class='ocrx_word' id='word_1_80' title='bbox 1773 2096 2303 2208; x_wconf 83' lang='lat' dir='ltr'><em>potuissemus</em></span> 
     </span>
     <span class='ocr_line' id='line_1_14' title="bbox 457 2221 2313 2331; baseline 0.003 -28"><span class='ocrx_word' id='word_1_81' title='bbox 457 2221 856 2307; x_wconf 83' lang='lat' dir='ltr'><em>excidium</em></span> <span class='ocrx_word' id='word_1_82' title='bbox 888 2291 908 2329; x_wconf 93' lang='lat'><em>,</em></span> <span class='ocrx_word' id='word_1_83' title='bbox 953 2224 1442 2307; x_wconf 75' lang='lat' dir='ltr'><em>dimittamus</em></span> <span class='ocrx_word' id='word_1_84' title='bbox 1473 2293 1493 2330; x_wconf 90' lang='lat'>‚</span> <span class='ocrx_word' id='word_1_85' title='bbox 1538 2225 1753 2306; x_wconf 91' lang='lat' dir='ltr'><em>unde</em></span> <span class='ocrx_word' id='word_1_86' title='bbox 1799 2223 1939 2326; x_wconf 84' lang='lat' dir='ltr'><em>tibi</em></span> <span class='ocrx_word' id='word_1_87' title='bbox 1983 2247 2155 2331; x_wconf 87' lang='lat' dir='ltr'><em>tot,</em></span> <span class='ocrx_word' id='word_1_88' title='bbox 2195 2225 2313 2308; x_wconf 86' lang='lat' dir='ltr'><em>in·</em></span> 
     </span>
     <span class='ocr_line' id='line_1_15' title="bbox 460 2378 2309 2470; baseline 0 -35"><span class='ocrx_word' id='word_1_89' title='bbox 460 2381 698 2470; x_wconf 82' lang='lat' dir='ltr'><em>quam</em></span> <span class='ocrx_word' id='word_1_90' title='bbox 745 2423 766 2460; x_wconf 91' lang='lat'><em>,</em></span> <span class='ocrx_word' id='word_1_91' title='bbox 847 2383 1245 2469; x_wconf 84' lang='lat' dir='ltr'><em>comperta</em></span> <span class='ocrx_word' id='word_1_92' title='bbox 1325 2381 1507 2437; x_wconf 85' lang='lat' dir='ltr'><em>sunt</em></span> <span class='ocrx_word' id='word_1_93' title='bbox 1556 2424 1577 2461; x_wconf 91' lang='lat'>‚</span> <span class='ocrx_word' id='word_1_94' title='bbox 1656 2382 1733 2441; x_wconf 88' lang='lat' dir='ltr'><em>et</em></span> <span class='ocrx_word' id='word_1_95' title='bbox 1814 2378 2018 2437; x_wconf 82' lang='lat' dir='ltr'><em>tanta</em></span> <span class='ocrx_word' id='word_1_96' title='bbox 2089 2384 2309 2436; x_wconf 87' lang='lat' dir='ltr'><em>men-</em></span> 
     </span>
     <span class='ocr_line' id='line_1_16' title="bbox 458 2482 2313 2569; baseline 0.001 -3"><span class='ocrx_word' id='word_1_97' title='bbox 458 2483 737 2568; x_wconf 77' lang='lat' dir='ltr'><em>dacia?</em></span> <span class='ocrx_word' id='word_1_98' title='bbox 779 2482 945 2569; x_wconf 90' lang='lat' dir='ltr'><em>Nos</em></span> <span class='ocrx_word' id='word_1_99' title='bbox 985 2516 1084 2568; x_wconf 91' lang='lat' dir='ltr'><em>ne</em></span> <span class='ocrx_word' id='word_1_100' title='bbox 1123 2485 1225 2567; x_wconf 90' lang='lat' dir='ltr'><em>de</em></span> <span class='ocrx_word' id='word_1_101' title='bbox 1264 2487 1580 2569; x_wconf 85' lang='lat' dir='ltr'><em>excidio</em></span> <span class='ocrx_word' id='word_1_102' title='bbox 1648 2488 1969 2569; x_wconf 81' lang='lat' dir='ltr'>Sanctae</span> <span class='ocrx_word' id='word_1_103' title='bbox 2038 2482 2313 2569; x_wconf 81' lang='lat' dir='ltr'><em>Matris</em></span> 
     </span>
     <span class='ocr_line' id='line_1_17' title="bbox 458 2612 2303 2730; baseline 0.001 -34"><span class='ocrx_word' id='word_1_104' title='bbox 458 2613 860 2697; x_wconf 80' lang='lat' dir='ltr'><em>Ecclesiae</em></span> <span class='ocrx_word' id='word_1_105' title='bbox 899 2616 1334 2725; x_wconf 74' lang='lat' dir='ltr'><em>cogitamus</em></span> <span class='ocrx_word' id='word_1_106' title='bbox 1368 2680 1386 2716; x_wconf 88' lang='lat'><em>,</em></span> <span class='ocrx_word' id='word_1_107' title='bbox 1432 2618 1566 2730; x_wconf 87' lang='lat' dir='ltr'><em>qui</em></span> <span class='ocrx_word' id='word_1_108' title='bbox 1614 2642 1919 2726; x_wconf 79' lang='lat' dir='ltr'><em>semper</em></span> <span class='ocrx_word' id='word_1_109' title='bbox 1962 2612 2249 2727; x_wconf 80' lang='lat' dir='ltr'><em>opibus</em></span> <span class='ocrx_word' id='word_1_110' title='bbox 2278 2680 2303 2723; x_wconf 89' lang='lat'><em>,</em></span> 
     </span>
     <span class='ocr_line' id='line_1_18' title="bbox 417 2741 2312 2853; baseline 0.002 -29"><span class='ocrx_word' id='word_1_111' title='bbox 417 2782 421 2785; x_wconf 94' lang='lat'>·</span> <span class='ocrx_word' id='word_1_112' title='bbox 457 2764 536 2825; x_wconf 89' lang='lat' dir='ltr'><em>et</em></span> <span class='ocrx_word' id='word_1_113' title='bbox 587 2742 954 2830; x_wconf 84' lang='lat' dir='ltr'><em>subsidiis</em></span> <span class='ocrx_word' id='word_1_114' title='bbox 1019 2746 1298 2828; x_wconf 82' lang='lat' dir='ltr'><em>nostris</em></span> <span class='ocrx_word' id='word_1_115' title='bbox 1366 2744 1579 2825; x_wconf 81' lang='lat' dir='ltr'><em>illam</em></span> <span class='ocrx_word' id='word_1_116' title='bbox 1648 2741 1991 2828; x_wconf 87' lang='lat' dir='ltr'><em>fovimus</em></span> <span class='ocrx_word' id='word_1_117' title='bbox 2018 2811 2042 2853; x_wconf 88' lang='lat'><em>,</em></span> <span class='ocrx_word' id='word_1_118' title='bbox 2108 2744 2312 2829; x_wconf 80' lang='lat' dir='ltr'><em>iuvi·-</em></span> 
     </span>
     <span class='ocr_line' id='line_1_19' title="bbox 459 2875 2312 2987; baseline 0.005 -33"><span class='ocrx_word' id='word_1_119' title='bbox 459 2900 754 2981; x_wconf 84' lang='lat' dir='ltr'><em>mus,et</em></span> <span class='ocrx_word' id='word_1_120' title='bbox 784 2876 1180 2961; x_wconf 80' lang='lat' dir='ltr'><em>auximus?</em></span> <span class='ocrx_word' id='word_1_121' title='bbox 1207 2875 1638 2959; x_wconf 80' lang='lat' dir='ltr'><em>Florentini</em></span> <span class='ocrx_word' id='word_1_122' title='bbox 1668 2904 1765 2959; x_wconf 91' lang='lat' dir='ltr'><em>ne</em></span> <span class='ocrx_word' id='word_1_123' title='bbox 1796 2898 2149 2987; x_wconf 86' lang='lat' dir='ltr'><em>possunt,</em></span> <span class='ocrx_word' id='word_1_124' title='bbox 2174 2900 2312 2963; x_wconf 86' lang='lat' dir='ltr'><em>aut</em></span> 
     </span>
     <span class='ocr_line' id='line_1_20' title="bbox 357 3006 2313 3122; baseline 0.003 -36"><span class='ocrx_word' id='word_1_125' title='bbox 357 3102 362 3111; x_wconf 34' lang='grc'>,</span> <span class='ocrx_word' id='word_1_126' title='bbox 457 3007 795 3116; x_wconf 86' lang='lat' dir='ltr'><em>cogitant</em></span> <span class='ocrx_word' id='word_1_127' title='bbox 826 3006 929 3089; x_wconf 88' lang='lat' dir='ltr'><em>de</em></span> <span class='ocrx_word' id='word_1_128' title='bbox 959 3009 1388 3091; x_wconf 83' lang='lat' dir='ltr'><em>mutatione</em></span> <span class='ocrx_word' id='word_1_129' title='bbox 1419 3006 1745 3092; x_wconf 88' lang='lat' dir='ltr'><em>Romani</em></span> <span class='ocrx_word' id='word_1_130' title='bbox 1778 3006 2094 3122; x_wconf 74' lang='lat' dir='ltr'><em>imperii</em></span> <span class='ocrx_word' id='word_1_131' title='bbox 2127 3038 2313 3122; x_wconf 84' lang='lat' dir='ltr'><em>pro·</em></span> 
     </span>
     <span class='ocr_line' id='line_1_21' title="bbox 459 3135 2306 3250; baseline 0.002 -32"><span class='ocrx_word' id='word_1_132' title='bbox 459 3136 1039 3250; x_wconf 77' lang='lat' dir='ltr'><em>videre?.Quis</em></span> <span class='ocrx_word' id='word_1_133' title='bbox 1081 3136 1306 3221; x_wconf 85' lang='lat' dir='ltr'><em>nobis</em></span> <span class='ocrx_word' id='word_1_134' title='bbox 1351 3136 1549 3221; x_wconf 86' lang='lat' dir='ltr'><em>hanc</em></span> <span class='ocrx_word' id='word_1_135' title='bbox 1577 3135 2121 3225; x_wconf 82' lang='lat' dir='ltr'><em>auctoritatem</em></span> <span class='ocrx_word' id='word_1_136' title='bbox 2163 3136 2306 3221; x_wconf 87' lang='lat' dir='ltr'><em>de·</em></span> 
     </span>
     <span class='ocr_line' id='line_1_22' title="bbox 458 3262 2311 3385; baseline 0.003 -38"><span class='ocrx_word' id='word_1_137' title='bbox 458 3262 580 3347; x_wconf 86' lang='lat' dir='ltr'><em>dit</em></span> <span class='ocrx_word' id='word_1_138' title='bbox 609 3332 631 3375; x_wconf 95' lang='lat'><em>,</em></span> <span class='ocrx_word' id='word_1_139' title='bbox 702 3267 1297 3385; x_wconf 82' lang='lat' dir='ltr'><em>potentiamque</em></span> <span class='ocrx_word' id='word_1_140' title='bbox 1357 3266 1816 3377; x_wconf 73' lang='lat' dir='ltr'><em>concessit?</em></span> <span class='ocrx_word' id='word_1_141' title='bbox 1901 3264 2023 3352; x_wconf 86' lang='lat' dir='ltr'><em>An</em></span> <span class='ocrx_word' id='word_1_142' title='bbox 2104 3263 2311 3353; x_wconf 85' lang='lat' dir='ltr'><em>forte</em></span> 
     </span>
     <span class='ocr_line' id='line_1_23' title="bbox 454 3396 2295 3516; baseline 0.002 -37"><span class='ocrx_word' id='word_1_143' title='bbox 454 3416 662 3482; x_wconf 84' lang='lat' dir='ltr'><em>tanta</em></span> <span class='ocrx_word' id='word_1_144' title='bbox 702 3397 1097 3484; x_wconf 84' lang='lat' dir='ltr'><em>dementia</em></span> <span class='ocrx_word' id='word_1_145' title='bbox 1139 3430 1277 3482; x_wconf 89' lang='lat' dir='ltr'><em>nos</em></span> <span class='ocrx_word' id='word_1_146' title='bbox 1316 3400 1651 3503; x_wconf 87' lang='lat' dir='ltr'><em>invasit,</em></span> <span class='ocrx_word' id='word_1_147' title='bbox 1692 3396 1915 3516; x_wconf 87' lang='lat' dir='ltr'><em>quod</em></span> <span class='ocrx_word' id='word_1_148' title='bbox 1956 3396 2295 3509; x_wconf 84' lang='lat' dir='ltr'><em>sumpti-</em></span> 
     </span>
     <span class='ocr_line' id='line_1_24' title="bbox 463 3524 2303 3644; baseline -0.001 -33"><span class='ocrx_word' id='word_1_149' title='bbox 463 3526 637 3636; x_wconf 88' lang='lat' dir='ltr'><em>bus,</em></span> <span class='ocrx_word' id='word_1_150' title='bbox 663 3554 741 3613; x_wconf 86' lang='lat' dir='ltr'><em>et</em></span> <span class='ocrx_word' id='word_1_151' title='bbox 769 3528 1121 3644; x_wconf 82' lang='lat' dir='ltr'><em>expensis</em></span> <span class='ocrx_word' id='word_1_152' title='bbox 1150 3530 1430 3612; x_wconf 84' lang='lat' dir='ltr'><em>nostris</em></span> <span class='ocrx_word' id='word_1_153' title='bbox 1461 3556 2047 3639; x_wconf 81' lang='lat' dir='ltr'><em>praesumamus</em></span> <span class='ocrx_word' id='word_1_154' title='bbox 2077 3524 2303 3643; x_wconf 90' lang='lat' dir='ltr'><em>quod</em></span> 
     </span>
     <span class='ocr_line' id='line_1_25' title="bbox 465 3654 2310 3775; baseline -0.001 -35"><span class='ocrx_word' id='word_1_155' title='bbox 465 3654 566 3741; x_wconf 86' lang='lat' dir='ltr'><em>ad</em></span> <span class='ocrx_word' id='word_1_156' title='bbox 607 3688 748 3743; x_wconf 84' lang='lat' dir='ltr'><em>nos</em></span> <span class='ocrx_word' id='word_1_157' title='bbox 785 3691 944 3745; x_wconf 89' lang='lat' dir='ltr'><em>uon</em></span> <span class='ocrx_word' id='word_1_158' title='bbox 985 3661 1286 3766; x_wconf 87' lang='lat' dir='ltr'><em>attinet,</em></span> <span class='ocrx_word' id='word_1_159' title='bbox 1325 3656 1739 3775; x_wconf 89' lang='lat' dir='ltr'><em>quodque,</em></span> <span class='ocrx_word' id='word_1_160' title='bbox 1782 3684 1932 3742; x_wconf 88' lang='lat' dir='ltr'><em>nec</em></span> <span class='ocrx_word' id='word_1_161' title='bbox 1968 3655 2071 3740; x_wconf 89' lang='lat' dir='ltr'><em>de</em></span> <span class='ocrx_word' id='word_1_162' title='bbox 2099 3655 2310 3761; x_wconf 79' lang='lat' dir='ltr'><em>iure,</em></span> 
     </span>
     <span class='ocr_line' id='line_1_26' title="bbox 469 3786 2314 3906; baseline 0.001 -32"><span class='ocrx_word' id='word_1_163' title='bbox 469 3818 617 3875; x_wconf 90' lang='lat' dir='ltr'><em>nec</em></span> <span class='ocrx_word' id='word_1_164' title='bbox 679 3786 782 3876; x_wconf 83' lang='lat' dir='ltr'><em>de</em></span> <span class='ocrx_word' id='word_1_165' title='bbox 847 3790 1066 3879; x_wconf 67' lang='lat' dir='ltr'><em>facto‘</em></span> <span class='ocrx_word' id='word_1_166' title='bbox 1133 3819 1553 3906; x_wconf 86' lang='lat' dir='ltr'><em>possumus</em></span> <span class='ocrx_word' id='word_1_167' title='bbox 1580 3854 1604 3897; x_wconf 92' lang='lat'><em>,</em></span> <span class='ocrx_word' id='word_1_168' title='bbox 1668 3788 1812 3873; x_wconf 86' lang='lat' dir='ltr'><em>sed</em></span> <span class='ocrx_word' id='word_1_169' title='bbox 1876 3810 2137 3873; x_wconf 90' lang='lat' dir='ltr'><em>totum</em></span> <span class='ocrx_word' id='word_1_170' title='bbox 2218 3814 2314 3875; x_wconf 88' lang='lat' dir='ltr'><em>ex</em></span> 
     </span>
    </p>
   </div>
  </div>
 </body>
</html>
