2981 4742
2107 294 2208 377 61

434 470 601 545 rem
666 466 905 555 quaa}
940 464 945 469 ·
976 428 1303 520 habeant
1355 433 1790 522 libertatem
1825 504 1845 543 ‚
1915 464 2060 519 nec
2127 464 2280 517 un-

436 599 678 685 quam
724 589 1151 681 potuerunt
1192 596 1433 681 quam
1475 566 1804 651 habeant
1844 566 2280 679 desperare-3
2331 596 2340 605 ·

436 732 613 814 spes
641 767 662 806 ‚
702 700 909 781 enim
932 763 953 802 ‚
990 720 1067 779 et
1104 694 1580 808 desperatiO,
1621 697 1820 780 sicut
1859 692 2083 810 quod
2114 724 2269 776 non

434 829 815 914 habemus
858 825 1308 937 respiciunt3
1346 826 1461 910 sic
1501 855 1776 941 eorum
1801 892 1822 931 ‚
1863 854 2066 941 quae
2109 824 2278 907 sue-

436 963 595 1042 rint
623 961 701 1041 in
732 956 1092 1041 manibus
1132 956 1413 1040 nostris
1454 956 1786 1040 omniuo
1840 978 1997 1043 uon
2053 979 2276 1065 sunt3

434 1088 617 1173 alias
656 1113 921 1173 autem
958 1116 1137 1201 spes
1176 1109 1375 1170 esset
1412 1088 1496 1170 in
1537 1086 1776 1200 patria
1810 1152 1831 1191 ,
1887 1114 2092 1203 quae
2156 1116 2273 1169 so·

434 1216 607 1301 lum
648 1216 979 1302 habetur
1018 1220 1101 1299 in
1146 1217 1264 1299 via
1296 1280 1317 1301 .
1357 1215 1517 1301 Sed
1558 1218 1709 1299 iam
1752 1214 1852 1299 ab
1893 1213 2038 1321 bis,
2076 1244 2278 1331 quae

340 1422 346 1427 .
443 1346 669 1429 nobis
706 1377 802 1432 ex
843 1348 999 1431 tuis
1039 1344 1706 1459 praescripsimus,
1731 1342 2276 1429 facessendum

374 1490 381 1497 '
434 1497 557 1558 est
586 1541 609 1581 ,
650 1498 733 1560 et
771 1474 873 1558 ad
910 1472 1053 1561 alia
1081 1540 1105 1580 ‚
1144 1502 1347 1590 quae
1384 1496 1855 1589 sequuntur,
1881 1502 2020 1584 per
2059 1470 2273 1555 ordi-

284 1658 299 1671 ·
432 1634 615 1692 nem
643 1671 668 1713 ,
707 1634 947 1722 quem
987 1598 1493 1720 promisimus
1522 1670 1545 1713 ‚
1587 1602 2029 1687 veniamus,
2069 1603 2286 1689 Sub·-

400 1730 562 1817 *dis
592 1799 617 1839 ‚
652 1762 877 1847 ergo:
1033 1756 1039 1763 ’
1232 1812 1241 1821 .
1627 1827 1632 1840 ,

546 1864 849 1981 Neque
908 1894 1045 1951 vos
1107 1882 1449 1951 tantum
1516 1868 1817 1953 Sancti
1880 1864 2278 1951 Mniatis

438 1989 719 2106 oppidi
776 1994 1141 2082 extollat
1207 1996 1361 2080 illa
1429 1994 1770 2111 quidem
1837 1990 2281 2108 oppidanis

437 2121 753 2226 infelix
779 2187 802 2227 ,
867 2125 1129 2229 vobis,
1192 2140 1290 2207 ut
1364 2120 1696 2209 videtur
1725 2186 1747 2227 ,
1806 2124 2271 2232 fbrtunata

428 2256 787 2359 receptio
812 2314 838 2355 ‚
901 2268 1313 2365 quantum
1383 2253 1778 2359 terrificet
1847 2267 2026 2332 tam
2108 2256 2270 2333 cito

424 2399 885 2497 properata
924 2380 1315 2487 rebellio,
1358 2411 1473 2465 ex
1525 2411 1692 2495 qua
1751 2381 1963 2497 quid
2011 2385 2282 2462 animi

431 2514 545 2593 sit
595 2507 936 2619 reliquis
1000 2513 1520 2616 municipiiS,
1565 2527 1816 2628 atque
1884 2514 2222 2595 urbibus
2251 2578 2274 2618 ‚

425 2642 623 2748 pari
661 2639 1221 2722 servientibus'
1270 2639 1807 2745 calamitate,
1879 2641 2076 2728 licet
2139 2647 2264 2726 in-

431 2769 884 2883 telligati55
948 2771 1299 2883 quibus,
1337 2771 1546 2853 mibi
1615 2769 1928 2882 credite
1960 2837 1984 2877 ‚
2049 2771 2284 2858 illius

437 2900 975 3013 magnanimi
1012 2893 1349 3016 quidem
1375 2963 1399 3003 ‚
1440 2899 1592 2984 sed
1627 2902 1758 2986 vel
1785 2906 2282 3014 praecipitis

436 3033 791 3112 nimium
817 3092 841 3134 ,
878 3028 1008 3114 vel
1028 3027 1358 3136 proditi
1381 3095 1405 3135 ‚
1474 3049 1730 3148 atque
1768 3031 2084 3118 deserti
2110 3098 2135 3138 ‚
2176 3035 2278 3118 li-

436 3159 837 3241 beratoris
897 3162 1233 3268 patriae
1313 3159 1678 3244 exilium
1755 3193 2278 3278 nequaquam

422 3311 641 3400 prae
722 3296 983 3367 metu'
1032 3287 1503 3388 voluntates
1569 3292 2020 3404 extinguet
2048 3353 2071 3393 ,
2135 3287 2284 3374 sed

442 3410 921 3498 admonebit
948 3479 971 3521 ,
1015 3434 1106 3500 ut
1146 3414 1648 3538 diligentius
1689 3424 2062 3529 cogitent
2103 3424 2273 3501 suis

436 3545 683 3634 rebus
723 3571 894 3629 esse
931 3544 1533 3632 consulendum
1563 3611 1582 3632 .

557 3673 849 3790 Neque
918 3707 1060 3763 vos
1086 3739 1109 3782 ,
1172 3679 1454 3792 inquis
1481 3741 1506 3784 ‚
1589 3671 1924 3761 tantum
1999 3671 2292 3788 oppidi
