2981 4742
765 370 877 456 68

709 541 869 595 non
910 533 1165 625 posset
1200 510 1639 624 exprimere
1667 576 1688 597 .
1751 508 2005 599 Simul
2052 536 2151 598 et
2218 510 2472 597 hostes
2501 578 2526 617 ‚

704 642 1089 726 exercitus
1114 639 1405 727 scilicet
1435 639 1969 754 Anglicorum,
1998 644 2529 753 occupationis

574 765 581 773 ’
623 859 630 864 ,
700 792 1013 883 accepta
1056 770 1376 877 notitia,
1418 792 1623 853 tauta
1665 800 1930 889 rerum
1974 771 2316 855 novitate
2359 800 2530 881 per·
2633 824 2638 827 -

701 896 965 983 culsus
1006 898 1196 983 abiit
1224 964 1247 1003 ‚
1285 921 1364 982 et
1405 914 1670 982 versus
1696 899 2061 982 amissum
2091 897 2477 1011 oppidum
2511 963 2537 1002 ‚

702 1026 767 1109 si
804 1024 1004 1144 quid
1044 1025 1245 1109 forte
1286 1025 1736 1138 recuperari⁸
1767 1030 2074 1137 posset,
2115 1053 2535 1137 properan-

698 1176 818 1239 ter
859 1175 1243 1267 pergunt.
1285 1151 1554 1239 Nostri
1596 1183 1785 1257 vero
1849 1184 2031 1237 cum
2095 1151 2514 1265 oppidanis

703 1312 966 1367 arcem
998 1350 1021 1389 ‚
1062 1306 1139 1367 et
1178 1280 1405 1399 quod
1442 1282 1554 1366 ibi
1597 1280 2068 1394 praesidium
2110 1305 2269 1365 erat
2298 1347 2322 1389 ,
2373 1311 2536 1365 ma-

697 1413 865 1524 gnis
906 1410 1260 1526 undique
1302 1408 1769 1496 clamoribus
1807 1410 2353 1523 aggrediuntur
2380 1475 2404 1517 ,
2444 1435 2528 1493 et

696 1532 1138 1654 expugnare
1178 1563 1500 1654 parant.
1541 1538 1664 1622 Illi
1705 1542 1864 1624 suis
1905 1529 2198 1623 viribus
2227 1605 2249 1646 ,
2313 1536 2528 1621 loco-

694 1697 852 1785 que
883 1668 1128 1775 ,licet
1167 1670 1695 1789 munitissimo
1719 1734 1743 1775 ‚
1781 1692 1860 1751 et
1898 1663 2526 1782 inexpugnabili,

689 1795 1197 1903 diffidentes,
1236 1794 1732 1882 deditionem
1802 1794 2149 1902 faciunt,
2189 1820 2268 1879 et
2308 1823 2526 1877 rece-

523 1912 527 1925 ’
566 2000 571 2005 .
616 2022 620 2027 ,
692 1925 900 2050 dunt
939 1921 1213 2037 illaesi3
1253 1926 1496 2010 nostri
1538 1926 1769 2039 potiti
1796 1924 1972 2010 loco
1999 1925 2348 2038 viperam
2389 1950 2529 2006 ve·-

688 2070 980 2163 stram'‚
1018 2083 1221 2170 quae
1261 2051 1710 2139 flabellaute
1752 2052 2273 2139 vexillo'tttr'ri
2311 2080 2524 2135 sum-2

642 2238 647 2241 -
688 2174 863 2269 mae
932 2166 1425 2271 celsitudinis
1483 2180 1916 2291 insidebat,
1981 2183 2064 2265 iu
2147 2210 2514 2294 praeceps

686 2310 1109 2398 deturbant
1149 2333 1358 2395 tanta
1397 2308 1682 2396 laetitia
1711 2379 1734 2422 ,
1774 2334 2146 2429 tantoque
2185 2304 2514 2425 oppida-

684 2471 964 2526 norum
994 2437 1283 2550 favore,
1309 2464 1386 2525 et
1410 2438 1819 2549 alacritate,
1855 2460 2218 2555 quantam
2247 2439 2378 2526 vix
2403 2437 2512 2522 fe-

687 2571 879 2654 cisse
946 2567 1277 2656 Graecia
1339 2554 1707 2682 legiturj
1741 2599 1924 2655 cum
1975 2573 2076 2656 T.
2133 2567 2508 2680 Quintius

683 2695 1116 2785 Flaminius
1152 2695 1419 2782 edicto
1454 2695 1836 2783 consulari
1890 2720 2209 2784 cunctas
2260 2696 2514 2804 Grae-Q

674 2829 839 2913 ciae
878 2824 1267 2935 civitates,
1306 2856 1512 2943 quae
1551 2825 1900 2942 Philippi
1956 2829 2234 2941 iugum
2311 2823 2514 2912 tule-

674 2979 892 3062 rant,
928 2953 1248 3062 liberaS,
1282 2978 1363 3040 et
1400 2953 1793 3050 immunes
1832 2989 1998 3043 esse
2039 2956 2517 3071 pronuntia-
2567 3051 2570 3056 ,

672 3085 823 3172 vit.
860 3081 1079 3172 Haec
1117 3082 1270 3170 fuit
1309 3106 1572 3204 nostra
1611 3089 1876 3171 Sancti
1915 3084 2267 3198 Miniatis
2295 3112 2505 3168 recea

673 3216 881 3332 ptio,
920 3209 1146 3330 quod
1195 3209 1526 3330 quidem
1590 3211 1861 3300 divina
1924 3243 2168 3299 manu
2233 3211 2512 3298 datum

668 3341 1155 3456 recepimus,
1194 3368 1342 3425 uec
1382 3340 1890 3428 rebellionem
1940 3340 2502 3429 devotissimus

668 3471 803 3556 ille
844 3467 1193 3586 populus
1237 3466 1417 3554 ullis
1458 3489 1808 3589 unquam
1853 3473 2340 3587 temporibus
2396 3493 2512 3554 at-

666 3604 1035 3710 tentavit5
1074 3599 1215 3684 sed
1256 3601 1584 3686 novitati
1624 3631 1864 3718 quam
1904 3602 2312 3717 improbus
2365 3598 2499 3685 ille
2610 3604 2615 3610 ’
2747 3701 2754 3710 ¹

668 3729 1061 3848 proditor,
1099 3760 1347 3849 quem
1385 3729 1888 3819 liberatorem
1931 3737 2220 3849 patriae
2251 3759 2502 3841 vocas,
