2981 4742
2180 279 2311 366 23·

457 441 640 518 ‚nae
680 422 1100 533 iuventuti,
1137 452 1344 540 quae
1381 422 1601 537 cupit
1628 447 1852 520 suam
1893 413 2338 516 libertatem

499 555 849 660 evagari,
889 583 1088 672 quae
1127 550 1614 666 passionibus
1661 547 2039 654 ducitur,
2106 566 2347 660 atque

499 683 740 790 vivit,
779 707 869 766 ut
908 706 986 766 te
1025 678 1252 766 facile
1317 701 1646 792 putem,
1710 699 1791 762 et
1852 675 1971 760 tui
2005 667 2293 758 similes
2322 737 2351 782 ,

500 839 656 892 non
685 809 942 894 solum
973 839 1133 894 non
1162 806 1591 922 intelligere
1619 801 2107 908 libertatem,
2150 781 2355 918 qnid

498 939 650 1045 sit,
703 939 844 1024 sed
909 967 1120 1044 rem,
1185 962 1264 1022 et
1330 965 1675 1042 nomen,
1742 930 2010 1017 veluti
2058 952 2351 1016 tetrum

501 1059 804 1184 aliquid
835 1133 860 1175 ,
901 1067 1320 1172 abhorrere
1352 1130 1374 1152 .
1413 1065 1576 1152 Cui
1617 1065 1730 1147 rei
1772 1061 1987 1150 testis
2052 1082 2168 1144 est
2216 1057 2355 1144 Li-

499 1195 675 1279 vius
701 1261 724 1302 ,
765 1225 951 1280 cum
983 1193 1519 1310 proditionem
1558 1193 1662 1278 de
1702 1187 2183 1278 reducendis
2208 1218 2353 1291 ‚re-

501 1324 730 1433 gibus
767 1323 1027 1410 solido
1066 1323 1203 1408 illo
1241 1323 1421 1413 stilo
1459 1354 1608 1409 suo
1645 1323 1966 1408 referret
1996 1359 2016 1408 z
2044 1321 2356 1426 Erant,

499 1453 810 1570 inquit,
849 1461 942 1540 in
977 1459 1368 1543 Romana
1411 1459 1833 1544 iuventute
1871 1449 2355 1539 adolescen-

505 1605 634 1668 tes
674 1586 1040 1705 aliquot,
1084 1614 1240 1670 nec
1279 1585 1370 1670 hi
1406 1588 1651 1668 tenui
1688 1583 1867 1668 Ioco
1906 1585 2123 1689 orti,
2163 1610 2358 1701 quo-

491 1743 689 1828 rum
765 1744 861 1800 m
935 1743 1196 1832 regno
1264 1712 1527 1799 libido
1592 1712 1943 1798 solutior
1980 1711 2347 1838 fuerat,

496 1843 909 1956 aequales,
923 1841 1408 1962 sodalesque
1436 1839 2097 1930 adolescentium
2130 1810 2349 1925 Ture

409 1982 416 1989 ’
493 1977 991 2086 quinorum,
1057 1997 1286 2056 more
1351 1973 1588 2086 regio
1645 1975 1917 2058 vivere
1955 1973 2343 2056 assueti·
2298 2032 2334 2074 ,

367 2207 380 2220 ,
497 2131 683 2184 eam
713 2119 896 2184 tum
925 2115 1280 2214 aequato
1305 2104 1488 2184 iure
1514 2105 1892 2187 omnium
1913 2099 2349 2236 licentiam
2422 2137 2430 2144 ·

493 2245 1026 2342 quaerentes,
1066 2227 1428 2313 aliorum
1455 2229 1929 2316 libertatem
1970 2235 2065 2318 in
2106 2258 2351 2316 suam

487 2364 828 2446 vertisse
842 2362 1325 2463 servitutem
1342 2361 2069 2477 conquerebantur·
2073 2355 2343 2472 Haec,

482 2510 564 2570 et
603 2487 796 2593 alia,
835 2516 1038 2602 quae
1073 2508 1342 2574 tantus
1404 2511 1679 2572 auctor
1748 2486 2055 2599 scripsit
2084 2552 2111 2595 ,
2147 2478 2349 2603 puto

483 2640 566 2700 te
594 2683 620 2724 ,
660 2617 864 2701 sicut
904 2636 1088 2699 sunt
1133 2615 1434 2727 ingenia
1502 2611 1968 2703 mortalium
2037 2612 2139 2699 ad
2205 2642 2342 2726 ea,

478 2777 691 2864 qnae
731 2734 1238 2854 desiderant,
1268 2746 1625 2855 curiosa,
1664 2768 2009 2864 suntque
2051 2742 2340 2862 procli·-

489 2877 636 2973 via
662 2901 927 2963 tecum
966 2878 1252 2989 iugiter
1279 2875 1641 2963 meditari
1649 2877 2344 3005 ,cogitantemque

475 3004 706 3117 talia,
756 3034 831 3094 te
909 3036 1180 3093 rerum
1256 3004 1787 3116 dulcissimam
1854 3001 2308 3092 libertatem
2320 3070 2347 3115 ‚

499 3126 1114 3222 crudelissimam
1182 3134 1683 3250 tyrannidem
1748 3134 2099 3244 ducere,
2120 3130 2345 3230 tale-

490 3296 708 3382 que,
743 3291 1210 3385 tantumque
1259 3267 1629 3381 bonum,
1692 3299 1859 3387 quo
1920 3262 2118 3351 nihil
2166 3254 2350 3381 pul-

494 3396 705 3480 erius
782 3426 944 3483 esse
1014 3420 1318 3511 potest,
1386 3428 1555 3487 rem
1618 3393 2149 3483 foedissimam
2214 3421 2348 3529 ap-

495 3524 812 3637 pellare3
836 3556 1040 3646 quae
1067 3558 1310 3645 quam
1349 3528 1675 3647 inepte,
1716 3552 2121 3645 quamque
2162 3550 2349 3655 con-

487 3677 600 3740 tra
642 3662 1038 3754 veritatem
1079 3660 1287 3749 dicta
1325 3663 1533 3773 sint,
1588 3658 1894 3768 tibimet
1943 3638 2339 3811 relinqu&

575 3873 579 3878 ’
645 3878 652 3919 k
