2981 4742
457 466 786 573 eadem,
825 495 982 583 qua
1049 485 1136 548 tu
1178 459 1675 550 Florentinos
1734 461 2066 551 libidine
2098 353 2301 578 ‘pe9r-

455 599 855 717 sequeris,
895 597 1322 708 impetisse.
1353 594 1642 707 Scripsi
1686 596 2105 706 praesentis
2128 625 2297 678 ora-

455 729 690 812 tionis
727 727 986 810 fronte
1026 754 1152 808 me
1191 747 1554 834 rogatum
1604 724 1967 810 obnixius
2005 709 2307 842 ,quod

459 857 544 940 in
585 857 874 970 patriae
913 854 1162 938 decus
1200 851 1583 938 deberem
1649 852 1749 937 ad
1816 852 2115 968 singula
2180 883 2303 938 re·

461 985 894 1099 spondere,
935 1007 1028 1068 nt
1071 1005 1229 1067 tam
1283 981 1482 1068 iusta
1552 983 2006 1096 rogantibus
2074 967 2313 1066 hode-

468 1135 682 1198 stum
723 1144 884 1198 non
925 1110 1168 1198 fuerit
1223 1139 1525 1194 morem
1583 1140 1741 1196 non
1800 1139 2115 1224 gerere,
2168 1103 2309 1194 sed
2440 1125 2445 1131 ’

459 1241 1007 1330 vehementius
1078 1265 1340 1326 tamen
1397 1263 1623 1354 urget
1668 1305 1693 1349 ,
1746 1263 2008 1326 tacens
2064 1237 2248 1325 licet
2286 1303 2315 1348 ,

459 1373 746 1487 patria,
783 1375 916 1458 cni
957 1403 1116 1458 non
1156 1393 1545 1485 praestare
1586 1368 1809 1460 nullo
1850 1369 2095 1459 modo
2136 1399 2315 1488 pos-

467 1531 795 1610 sumus,
861 1499 1084 1620 quod
1151 1500 1595 1612 debemus,
1660 1524 1754 1588 ut
1818 1502 2054 1588 armis
2120 1500 2320 1586 meis

449 1630 712 1744 ‘ipsam
757 1656 1196 1747 protegam,
1237 1662 1384 1718 nec
1423 1633 1507 1719 in
1543 1656 1711 1718 tam
1748 1632 2067 1754 acerbae
2106 1628 2330 1748 sigil-
2374 1689 2383 1698 -

465 1756 772 1850 lationis
849 1761 1131 1848 iniuria
1211 1760 1761 1879 derelinquam
1850 1763 2097 1880 ipsam
2190 1784 2337 1850 tot.

372 1939 383 1944 -
461 1886 933 1976 diffamatam
975 1889 1404 1978 mendaciis
1442 1890 1969 1998 indefensam,
1998 1916 2089 1977 nt
2114 1892 2320 1978 sient

457 2015 830 2105 hactenns
860 2021 1328 2124 ,commissa
1395 2051 1729 2139 sequens
1793 2019 2320 2132 dominorum

461 2178 846 2258 meorum,
874 2149 1240 2263 publicae
1265 2151 1707 2264 scriptionis
1744 2149 2011 2236 officio
2048 2179 2313 2237 causas

470 2279 949 2385 incidentes,
987 2280 1224 2362 etiam
1266 2309 1451 2365 cunt
1495 2277 1838 2364 hostium
1866 2275 2325 2377 diffamatio-

477 2394 737 2513 nibus,
764 2430 856 2491 ut
897 2406 1258 2514 iubebar,
1293 2409 1730 2495 defendere
1759 2438 1935 2493 sum
1966 2432 2316 2519 conatus,

463 2537 570 2620 ita
609 2560 826 2621 nune
865 2564 1048 2621 cum
1089 2536 1391 2647 privata
1430 2537 1818 2621 laceratur
1844 2534 2131 2649 lingna,
2158 2540 2319 2649 pri·-

477 2666 714 2751 vatim
741 2689 979 2751 ‘tuear
1006 2732 1032 2774 ,
1074 2690 1151 2751 et
1192 2663 1615 2765 defendam
1647 2731 1666 2753 .
1735 2665 1945 2777 Quis
1972 2733 1997 2774 ,
2060 2666 2269 2753 enim
2300 2734 2327 2779 ,

463 2798 849 2910 patienter
888 2797 1109 2901 ferat,
1147 2828 1338 2883 cum
1377 2798 1549 2883 eius
1587 2798 1913 2903 intersit,
1956 2798 2313 2911 patriam,

475 2928 602 3011 cui
643 2926 1392 3034 euncta'debemus,
1433 2952 1701 3013 eontra
1749 2928 2183 3035 veritatem,
2222 2926 2323 3015 ab

465 3084 564 3141 eo
601 3058 830 3141 cuins
871 3088 1029 3141 non
1059 3059 1395 3166 intersit,
1425 3082 1581 3143 tam
1614 3058 1951 3172 turpiter
1979 3056 2323 3143 diffama-

473 3177 635 3291 riP'
675 3183 988 3272 Vellem
1066 3209 1328 3272 autem
1397 3186 1599 3275 hanc
1673 3216 1985 3275 causam
2060 3214 2323 3271 coram

457 3309 746 3429 aliquo
781 3316 1230 3429 principum
1269 3314 1763 3424 inscribere,
1829 3342 1907 3401 et
1976 3317 2319 3428 ipsorum
2398 3376 2409 3383 ι

470 3439 816 3530 hostium
855 3445 1106 3531 oculis
1143 3445 1575 3557 ventilare3
1614 3446 1949 3533 vellem'
1928 3474 2155 3563 ipsos
2174 3473 2310 3525 au-

474 3570 677 3679 dire,
713 3573 1112 3693 qualeque
1155 3577 1631 3689 principium
1681 3570 2105 3659 mendaciis
2169 3570 2319 3655 illis

469 3696 807 3787 facerent
827 3701 1372 3829 ,intelligere,
1413 3736 1613 3825 quas
1652 3674 2201 3821 probationes,
2238 3722 2319 3785 et
