2981 4742
523 229 548 263 d

2052 449 2061 456 .
2164 379 2215 464 5

419 525 680 614 Italiae
709 594 732 635 ,
774 554 1016 643 quem
1055 543 1420 612 metuant
1458 521 1719 614 hostes
1744 591 1771 636 ,
1807 519 2001 615 socii
2040 519 2277 614 velut

435 689 734 743 numen
777 655 1104 776 aliquod
1169 657 1254 740 in
1324 657 1551 740 terris
1606 655 1897 768 degens
1960 653 2273 766 colant,

423 787 634 872 orbis
717 788 1070 892 universi
1157 784 1557 900 principes
1638 784 1878 870 multi
1940 785 2223 872 faciant
2255 850 2280 895 ,

432 913 957 1026 legationibus
1029 916 1400 1018 visitent,
1469 915 1943 1036 eunctisque
2023 943 2285 1026 prose-

429 1071 778 1160 quantur
823 1042 1254 1128 honoribus
1288 1064 1505 1164 ,tam
1546 1039 1791 1126 stulte
1818 1107 1844 1150 ‚
1886 1064 2043 1128 tam
2102 1069 2285 1156 pro-

427 1175 717 1258 caciter
761 1172 1116 1258 violare?
1155 1171 1442 1257 Nescio
1513 1169 1793 1254 videre
1834 1193 2019 1256 tuae
2060 1197 2288 1282 prae·

427 1303 932 1416 sumptionis,
973 1323 1104 1384 aut
1149 1301 1493 1386 ambitus
1538 1299 1923 1384 rationem
1954 1363 1975 1386 .
2001 1297 2289 1384 Homi-

433 1432 563 1512 nis
646 1456 760 1516 est
787 1497 814 1537 ,
892 1432 1100 1516 euim
1132 1496 1155 1536 ‚
1241 1454 1330 1514 ut
1407 1432 1679 1514 cuncti
1758 1426 2038 1518 volunt
2120 1452 2285 1514 tam
2388 1511 2395 1516 .

431 1557 823 1671 Theologi
855 1628 890 1667 ,¹
926 1591 1200 1678 quam
1281 1555 1821 1674 philosophiae
1902 1557 2291 1666 studiosi,

432 1683 836 1806 quidquid
879 1690 1122 1803 egerit
1152 1755 1177 1798 ‚
1215 1720 1444 1802 agere
1489 1713 1815 1804 propter
1854 1686 2127 1798 finem,
2166 1683 2299 1774 vel

429 1848 752 1936 propter
799 1821 1108 1940 aliquid
1141 1889 1164 1930 ‚
1217 1821 1444 1938 quod
1515 1820 1836 1906 tandem
1878 1823 1963 1906 in
2002 1847 2292 1908 verum

437 1946 684 2046 finem
765 1947 1106 2054 hominis
1174 1951 1645 2038 reducatur.
1714 1949 1962 2036 Nune
2028 1972 2298 2071 autem
2341 2027 2346 2038 .

430 2076 564 2164 dic
593 2147 616 2182 ‚
654 2065 1020 2200 obseem,
1062 2112 1306 2196 quem
1349 2077 1595 2206 finem
1642 2079 1763 2166 his
1803 2081 2297 2204 obiurgatio-¹

431 2211 670 2296 nibus
698 2213 1238 2334 intendisti?N
1247 2212 1587 2336 nmquid
1620 2213 1702 2298 in
1731 2241 2013 2298 verum
2040 2211 2301 2319 illum,

435 2365 512 2435 et
557 2341 932 2427 ultim-um
973 2337 1219 2427 finem
1246 2345 1619 2443 omnium,
1642 2410 1667 2451 ,
1708 2341 1850 2459 qui
1881 2337 2321 2425 beatitudo·

438 2502 752 2585 perpes,
781 2466 1198 2591 etxaeterna
1241 2497 1352 2557 est
1382 2536 1406 2580 ,
1446 2501 1743 2587 perpes·
1771 2468 1989 2555 dono
2012 2537 2038 2580 ,
2079 2466 2306 2589 quod

439 2600 521 2683 in
567 2626 921 2715 tempore
969 2600 1354 2708 traditur,¹
1407 2600 1922 2689 sed'aeterna
1988 2601 2301 2717 partici-

441 2735 758 2845 patione
787 2799 808 2837 ,
847 2734 1232 2849 quoniam
1273 2734 1438 2818 sine
1482 2731 1875 2857 principio
1927 2729 2167 2816 fuerit
2206 2724 2297 2817 id

438 2860 670 2975 quod
713 2860 951 2983 detur
979 2928 1002 2969 ,
1045 2860 1177 2946 illa
1220 2886 1298 2945 te
1339 2862 1739 2977 dirigunt,
1796 2858 1925 2949 vel
1994 2856 2297 2985 perdu-

436 2992 691 3076 cunt?
732 2994 1030 3077 Contra
1072 2992 1472 3077 caritatem
1504 2990 1851 3109 'quidem
1896 2988 2293 3105 proximi,

421 3126 503 3199 ni
547 3117 772 3201 fallor
803 3186 824 3225 ,
866 3144 1030 3226 est,
1072 3150 1257 3205 eum
1306 3150 1465 3249 nep
1534 3121 1864 3249 ccliligere
1897 3185 1920 3227 ‚
1989 3140 2299 3236 quanto

443 3248 836 3359 magisqui
880 3249 1376 3358 maledicere,
1407 3228 1844 3377 vfiljgamam
1872 3248 2043 3334 eius
2068 3247 2305 3334 etiam
2338 3336 2342 3341 ,

437 3376 725 3471 leviter
799 3379 1266 3465 maculare?
1329 3383 1466 3467 Tu
1536 3410 1727 3465 vero
1795 3407 1957 3463 non
2040 3406 2300 3463 unum

441 3508 932 3625 quempiam,
973 3510 1110 3596 sed
1153 3511 1815 3601 innumerabilem
1857 3504 2303 3625 populum,

443 3666 913 3759 gentemque
955 3674 1117 3729 non
1157 3644 1318 3727 suis
1357 3665 1808 3751 contentam
1850 3635 2299 3759 moenibus,

440 3770 580 3856 sed
617 3804 822 3890 quae
861 3797 1122 3863 tetum
1159 3804 1413 3897 sparsa
1443 3762 1915 3903 'perjornb‘em
1952 3791 2070 3855 est
2092 3793 2310 3895 9597,
