2981 4742
822 356 979 415 112

746 492 939 547 rum
945 465 1180 579 pluri
1183 493 1505 549 mor-um
1510 530 1532 573 ,
1550 468 2125 551 sanctissimae
2139 467 2582 571 societatis,

746 610 1003 706 atque
1041 596 1479 707 affinitatis
1521 598 2115 700 immemorem,
2180 599 2304 679 ita
2370 596 2575 680 Flo—

754 726 1129 805 rentinas
1180 754 1368 835 opes
1432 720 1824 830 tuendas,
1891 719 2586 839 ampliandasque

756 883 925 935 suo·
936 852 1313 964 periculo
1380 856 1825 965 suscepisse
1853 917 1875 956 ,
1942 871 2033 938 ut
2104 868 2579 949 ceterarum

757 984 1041 1064 rerum
1082 970 1455 1064 omnium
1501 980 1979 1093 negligens,
2019 996 2336 1064 vestrae
2400 997 2594 1063 tan-

740 1126 942 1201 ,t'um
993 1109 1325 1213 salutis,
1391 1125 1471 1191 et
1537 1110 1861 1221 gloriae
1924 1108 2605 1214 studiosissimus,

762 1236 1212 1324 videatur?
1251 1235 1508 1352 Quod
1541 1242 1615 1347 si
1653 1244 1989 1323 tantam
2027 1239 2448 1323 levitatem
2493 1245 2600 1344 in..

766 1398 860 1450 eo
900 1396 1099 1481 rege
1127 1371 1454 1477 putatis
1521 1364 1934 1473 existere,‘
2001 1387 2092 1452 ut
2146 1399 2302 1481 pro
2368 1370 2601 1453 hoste

773 1524 961 1579 eum
1005 1492 1313 1603 ducat,
1356 1528 1599 1612 quem
1663 1528 1865 1583 avus
1919 1497 2341 1614 quondam
2399 1530 2596 1585 suus

767 1620 1195 1738 dignitate
1233 1623 1652 1711 decoravit
1681 1691 1703 1732 ‚
1743 1645 1827 1710 et
1880 1631 2120 1740 regia
2184 1630 2344 1712 sibi
2412 1627 2596 1737 affi-

767 1759 1042 1840 nitate
1082 1759 1534 1843 coniunaeit
1562 1821 1585 1864 ,
1623 1785 1866 1872 quem·
1905 1759 2078 1863 ipse
2108 1756 2361 1866 paulo
2401 1773 2601 1839 ante

768 1890 1083 1971 socium
1113 1950 1136 1987 ‚
1176 1904 1425 2001 atque
1465 1892 1836 1970 amicum
1877 1883 2168 1971 habuit
2197 1950 2218 1989 ‚
2260 1887 2402 1973 cui
2462 1883 2608 1969 de·-

772 2019 1020 2130 nique
1088 2015 1417 2103 illustre
1487 2016 1950 2129 singularis
2004 2016 2610 2101 benivolentiae

773 2148 1388 2261 monimentum
1429 2145 1754 2259 regalia
1795 2142 2035 2227 dedit
2076 2148 2450 2259 insignia
2490 2141 2613 2227 ad

768 2278 1102 2387 generis
1132 2338 1156 2380 ,
1198 2294 1278 2359 et
1308 2277 1747 2390 sanguinis
1777 2275 1878 2362 V
1869 2277 2399 2357 icecomitum
2427 2273 2606 2356 lau-

771 2398 963 2488 dem
1006 2411 1613 2517 sempiternam
1633 2441 1674 2510 ,·
1741 2407 1814 2489 si
1852 2433 2134 2517 regem
2177 2399 2439 2504 hunc,
2483 2406 2612 2486 in-

773 2564 1028 2650 quam
1057 2599 1078 2640 ‚
1118 2553 1296 2619 tam
1364 2535 1708 2642 leviter,
1771 2551 1950 2617 tam
2020 2549 2364 2645 repente
2431 2561 2614 2614 mu·

774 2678 1054 2744 tatum
1095 2695 1266 2749 esse
1315 2664 1691 2774 putatis,
1754 2679 1849 2746 ut
1918 2662 2136 2745 hunc
2201 2662 2364 2746 sibi
2424 2690 2616 2744 san·

774 2796 1034 2904 guine
1059 2854 1083 2895 ,
1154 2810 1237 2876 et
1301 2796 1624 2878 r'ecenti
1687 2788 2153 2875 admodum
2219 2791 2618 2872 societate

682 2987 685 2990 .
777 2925 1313 3004 coniunctum
1356 2923 1592 3007 nulla
1622 2951 1966 3036 prorsus
2006 2915 2125 3002 ad
2162 2915 2259 3001 id
2323 2916 2614 3029 impel-

778 3047 1339 3155 lente-causa,
1380 3054 1546 3134 nisi
1587 3068 1678 3133 ut
1717 3063 2045 3140 avertat
2087 3078 2141 3132 a
2194 3047 2609 3157 capitibus

781 3179 1073 3264 vestris
1112 3173 1608 3289 impendens
1673 3175 1996 3260 malum
2064 3174 2278 3260 bello
2342 3190 2610 3259 tentet
2683 3227 2687 3232 -

783 3301 1229 3410 invadere,
1272 3302 1597 3410 videte,
1641 3333 1747 3388 ne
1796 3307 2050 3388 nimis
2113 3332 2425 3420 magno
2489 3331 2614 3387 er-

784 3463 973 3526 rore
1010 3428 1496 3518 ducamini.
1564 3428 1858 3518 Potuit
1920 3430 2306 3525 fortassis
2343 3446 2614 3512 vestra

788 3559 1224 3647 calliditas
1256 3625 1278 3666 ‚
1319 3579 1399 3647 et
1441 3560 1595 3645 illa
1623 3555 2184 3644 immoderata
2211 3553 2616 3672 fingendi,

790 3687 1418 3809 mentiendique
1499 3691 1842 3778 licentia
1871 3754 1894 3797 ,
1931 3775 1936 3780 ,
1971 3720 2134 3805 qua
2214 3692 2305 3774 in
2385 3690 2626 3774 rebus
