2981 4742
389 475 701 556 sionem
728 469 1138 572 iudicavit,
1179 460 1340 552 non
1383 470 1464 552 in
1506 467 1719 570 aliud
1758 467 2239 554 ordinatum.

395 603 484 688 In
525 633 764 722 quam
795 592 1124 720 quidem
1151 600 1687 684 obiectionem
1731 605 1789 682 si
1840 597 2039 682 forte
2072 629 2241 710 per-

392 761 575 848 gas3
636 733 966 819 referam
1032 731 1278 814 socios
1305 795 1328 837 ,
1395 728 1720 814 referam
1784 729 1927 812 alia
2000 735 2247 818 multa

390 864 650 974 bella,
690 894 894 983 quae
937 886 1096 944 tam
1151 860 1635 967 intentione,
1699 888 1941 977 quam
2011 893 2237 948 causa

391 987 927 1110 turpissimam
1010 988 1127 1083 his
1155 1055 1179 1096 ,
1243 989 1543 1108 quibus
1608 990 1855 1075 nolles
1883 1058 1906 1097 ,
1974 1020 2244 1082 notam

403 1130 722 1210 inurent
753 1189 776 1228 ,
853 1119 1260 1237 multaque
1337 1117 1625 1236 scelera
1704 1124 2253 1233 renovabunt,

403 1285 610 1370 qnae
651 1249 983 1368 quidem
1027 1250 1336 1362 pudore
1363 1315 1387 1356 ,
1427 1278 1587 1334 non
1630 1277 1845 1337 metu
1876 1322 1898 1360 ‚
1944 1257 2258 1338 urbani-

401 1409 556 1470 tate
585 1448 610 1487 ‚
653 1413 808 1492 non
854 1379 1277 1463 formidine
1343 1379 1839 1466 subticentur
1866 1447 1887 1468 .
1948 1387 2259 1472 Scimus

401 1511 702 1630 quibus
729 1493 1166 1594 fautoribus
1195 1508 1605 1594 damnatae
1635 1514 2057 1596 memoriae
2093 1516 2251 1598 Lu·

405 1641 745 1726 dovicus
772 1699 798 1748 ,
864 1668 1106 1756 quem
1177 1641 1610 1725 ‘Bavarum
1678 1640 1960 1752 vulgus
2010 1645 2263 1754 dixit,

405 1795 671 1858 contra
710 1774 833 1854 ius
860 1838 883 1876 ‚
925 1796 1000 1854 et
1045 1769 1533 1854 voluntatem
1578 1771 1977 1857 Ecclesiae
2018 1805 2238 1859 cona-

319 1945 328 1953 ·
425 1924 552 1986 tus
592 1899 691 1988 sit
728 1903 1174 1988 Romanum
1207 1902 1635 2014 imperium
1664 1931 2075 2018 occupare.
2104 1906 2267 1993 Sci·
2366 1903 2375 1912 ’

413 2059 588 2115 mus
665 2057 907 2147 quem
995 2030 1466 2144 Antipapam
1557 2030 1709 2116 sibi
1800 2035 2208 2116 constitnit
2240 2101 2265 2142 ‚

297 2200 304 2205 ·
415 2190 775 2280 quosque
816 2161 1108 2262 scelus,
1145 2181 1227 2242 et
1268 2182 1713 2246 monstrum
1782 2160 1995 2246 illud
2041 2166 2257 2247 Anti·

423 2290 856 2378 cardinales
915 2289 1190 2376 babuit
1218 2357 1243 2400 ‚
1278 2313 1390 2377 *et
1458 2289 1849 2379 Praelatos
1877 2357 1897 2381 .
1940 2295 2251 2380 Scimus

419 2446 818 2508 aeternam
862 2417 1072 2505 illam
1113 2418 1579 2505 Gebellinae
1647 2420 2007 2506 factionis
2069 2423 2259 2530 infa-

406 2533 670 2636 miam
698 2616 722 2658 ‚
761 2579 1004 2665 quam
1051 2550 1605 2636 renovabimus
1630 2616 1654 2659 ,
1694 2575 1773 2636 et
1813 2554 1893 2636 in
1936 2554 2259 2641 notitiae

425 2682 727 2788 lumen,
765 2677 1160 2793 sepultam
1231 2679 1412 2767 lieet
1467 2681 1849 2786 tenebris,
1888 2682 2266 2769 obscura·

423 2824 747 2914 tamque
813 2795 1030 2909 lapsu
1103 2819 1557 2910 temporum
1626 2798 2126 2911 detegemus.·
2159 2804 2271 2887 Et

417 2957 603 3014 cum
649 2927 1133 3011 voluerimus
1173 2926 1657 3038 malefactis,
1721 2934 2047 3017 veritate
2116 2936 2275 3026 nixi

431 3088 589 3143 non
637 3057 1114 3173 mendaciis,
1153 3080 1388 3151 utta
1420 3124 1444 3167 ,
1485 3058 1952 3145 maledicere
1982 3128 2005 3169 ,
2046 3062 2271 3177 aliter

429 3218 578 3273 nos
646 3187 954 3272 videbis
1018 3217 1258 3304 quam
1299 3211 1376 3273 te
1403 3253 1428 3296 ,
1469 3191 1629 3275 tuis
1694 3195 1925 3304 nugis
1952 3260 1977 3297 ,
2042 3176 2165 3305 et}
2194 3192 2288 3277 fi-

425 3319 574 3407 ctis
613 3317 1312 3405 adinventionibus
1375 3348 1739 3406 resonare
1766 3384 1789 3407 .
1856 3323 2018 3411 Sed
2094 3321 2284 3409 haec

381 3443 392 3451 ’
431 3450 662 3560 satis3
701 3450 762 3533 si
809 3447 1200 3561 patienter
1265 3452 1476 3535 enim
1523 3472 1605 3534 te
1673 3452 1992 3563 gesseris
2024 3516 2046 3558 ‚
2108 3454 2288 3538 satia

431 3602 668 3705 erunt
700 3643 721 3666 .
763 3576 978 3665 Nolo
1017 3600 1276 3663 tamen
1310 3644 1335 3688 ,
1373 3608 1563 3665 cum
1601 3583 1841 3665 sciam
1873 3645 1897 3688 ,
1940 3610 2068 3662 me
2108 3584 2289 3698 qni-

361 3810 381 3819 ,
439 3706 626 3795 dem
670 3707 901 3795 latere
945 3737 1103 3793 non
1145 3730 1404 3822 potest
1435 3775 1462 3820 ‚
1530 3738 1671 3796 noa
1738 3740 1901 3795 esse
1970 3740 2287 3825 prorsus
