2981 4742
721 306 837 391 86

624 445 777 532 bus
821 445 1162 531 historiis
1204 444 1564 533 invenisti
1607 443 1948 563 legiones
2011 448 2480 562 equestres?

426 588 434 599 '
553 642 559 647 .
624 576 1292 693 Quem'unquam
1358 574 1754 691 delectum
1821 609 1863 659 a
1932 606 2100 691 quo
2163 574 2482 686 lingua,

624 708 946 820 rituque
988 708 1345 794 Romano
1388 708 1591 820 legio
1628 705 1830 791 dieta
1875 735 2016 812 est,
2057 738 2152 791 ex
2194 707 2480 821 equiti·

622 836 775 921 bus
815 835 1109 922 facturn
1151 870 1313 922 esse
1353 835 1650 949 legisti?
1693 836 2158 947 Descriptus
2200 820 2488 937 erat'et‘

623 993 887 1053 certus
928 970 1305 1085 equestris
1348 966 1609 1075 ordo,
1676 964 1970 1082 quibus
2041 966 2224 1082 equi
2294 994 2481 1049 cum

624 1098 1032 1211 stipendiis
1072 1096 1400 1193 decreto
1441 1120 1828 1212 perpetuo
1852 1096 2203 1207 assignati
2244 1121 2486 1202 erant,

585 1230 765 1343 qui
808 1228 1159 1334 iussum,
1205 1218 1362 1313 non
1404 1228 1704 1315 lectum
1769 1220 2059 1312 dabant
2105 1258 2246 1337 pro
2286 1245 2508 1345 qua-³¹

622 1354 840 1439 litate
906 1359 1285 1471 temporis
1354 1360 1848 1473 equitatum.
1914 1357 2293 1444 Peditum
2364 1382 2480 1440 est

622 1484 983 1570 delectus
1012 1552 1033 1593 ,
1073 1511 1150 1572 et
1192 1483 1449 1595 legio,
1494 1517 1736 1605 quam
1789 1488 1976 1570 aciei
2039 1490 2488 1609 portionem

566 1660 573 1667 ·
624 1614 1107 1702 Macedones
1152 1614 1636 1734 phalangem,
1676 1615 1889 1705 Galli
1930 1612 2198 1701 autern
2240 1642 2490 1700 cater-

609 1762 805 1833 'vam
849 1771 1153 1855 vocant,
1182 1748 1427 1831 nostri
1458 1778 1649 1832 vero
1691 1770 1850 1833 tam
1892 1746 2212 1862 proprio
2250 1778 2486 1863 quam

626 1876 1134 1989 appropriato
1212 1874 1530 1959 nomine
1609 1872 2056 1987 legionem3
2124 1876 2492 1990 equitum
2585 1930 2590 1936 -

591 2064 597 2068 -
629 2029 897 2089 autem
930 2015 1277 2112 manum',
1302 2016 1823 2112 turmam,aut
1851 2001 2050 2089 alam
2078 2007 2496 2089 consuevi·

635 2164 815 2219 mus
855 2132 1300 2249 appellare.
1342 2134 1578 2247 Quae
1645 2134 1982 2250 quidem
2043 2134 2246 2217 adeo
2313 2164 2497 2219 vera

614 2288 869 2374 sunt,
938 2287 1031 2347 nt
1096 2260 1412 2388 nullum
1465 2261 1926 2376 diligentem
1973 2260 2495 2370 historicum,

631 2394 761 2482 vel
807 2379 1116 2511 poetam
1156 2383 1552 2506 egregium
1581 2393 1957 2501 invenies,
1985 2393 2127 2510 qui
2168 2423 2498 2477 consue-

628 2525 835 2610 verit
875 2527 1012 2609 ista
1052 2520 1572 2629 confundere,
1599 2522 1903 2637 quique
1945 2522 2104 2604 no'n
2135 2520 2488 2603 invenia-

632 2651 1221 2766 turdiligenter
1258 2654 1399 2735 ista
1446 2588 1812 2757 'se'rvare3
1879 2650 2484 2762 distinguuntur

630 2782 841 2866 enim
884 2779 1075 2878 haee
1114 2778 1215 2864 ab
1252 2779 1590 2864 invicem
1617 2847 1641 2889 ,
1681 2779 2044 2893 opposita
2086 2777 2434 2896 quadam
2467 2844 2492 2888 ,

628 2935 711 2994 et
749 2905 1111 3024 specifica
1154 2907 1490 3014 ratione,
1534 2940 1692 3025 qua
1725 2939 1883 2992 non
1927 2906 2155 2992 liceat
2197 2907 2487 2992 altern-

515 3093 521 3102 ·
632 3065 852 3128 trum
891 3060 1381 3125 commutare
1408 3102 1429 3124 .
1472 3036 1634 3124 Sed
1678 3061 1765 3122 ut
1807 3035 2430 3126 hinc-discedam
2462 3077 2498 3146 ,‘

644 3169 746 3254 ad
789 3169 1124 3256 ironiam
1193 3166 1652 3281 confugiens
1717 3169 2019 3284 inquis:
2087 3169 2229 3254 An
2294 3175 2506 3256 socii

602 3297 1199 3416 firent'opem
1240 3303 1485 3386 rebus
1525 3304 1936 3420 afflictis?
1976 3301 2283 3414 Digna
2324 3304 2509 3417 qui-

638 3431 839 3518 dem
877 3464 1011 3520 res
1052 3435 1146 3518 in
1184 3461 1518 3516 summo·
1540 3428 1918 3544 periculo
1957 3430 2300 3513 auxilia
2341 3435 2498 3526 im-

632 3554 980 3674 plorare
1018 3563 1427 3647 sociorum
1455 3621 1477 3645 .
1520 3555 1697 3646 Sed
1731 3563 1918 3677 quis
1956 3549 2336 3680 unquam
2375 3566 2582 3660 ,so-«33⁶3

641 3701 819 3806 eius
865 3699 1111 3807 fuit5
1160 3697 1299 3778 cui
1363 3707 1634 3779 vestra
1699 3693 2082 3803 superbia
2150 3719 2323 3774 non
2387 3693 2500 3774 sit
