2981 4742
783 323 886 426 14
1148 431 1154 436 ,

695 491 916 548 mens
944 492 993 573 ‚⁴
1035 461 1160 550 vel
1225 487 1493 547 rerum
1574 451 2093 546 humanarum
2173 463 2491 576 ignarus
2517 529 2544 568 ,

691 593 835 707 qui
876 591 1141 679 credat
1201 589 1679 697 accusatori,
1720 588 1841 674 vel
1884 579 2063 676 tesfi
2091 655 2115 700 ,
2155 595 2298 714 qui
2355 625 2536 708 pro-

687 714 1051 831 fiteatur,
1111 744 1252 805 aut
1316 719 1524 827 eim,
1586 745 1831 834 quem
1900 720 2386 840 insequitur,
2450 753 2531 807 se

687 847 1002 964 detegat
1080 851 1550 936 inimicum?
1618 850 1755 934 Tu
1836 880 2027 936 vero
2103 846 2291 942 curn
2372 885 2531 940 non

687 1009 948 1065 unum
1013 979 1363 1098 aliquem
1428 979 1903 1088 dominum,
1949 978 2076 1066 vel
2127 983 2529 1090 iudicem,

689 1139 852 1228 non
896 1139 1145 1214 unum
1175 1174 1200 1218 ,
1239 1106 1363 1194 vel
1403 1107 1713 1226 aliquos
1756 1110 2136 1226 populos,
2180 1111 2319 1197 sed
2362 1116 2539 1196 uni-

695 1267 1014 1325 versum
1052 1269 1302 1354 genus
1367 1237 1786 1325 hominum
1815 1306 1841 1349 ‚
1880 1272 2083 1358 quos
2151 1241 2339 1328 haec
2404 1268 2540 1328 tua

693 1365 950 1482 legere
1029 1369 1440 1482 contigerit
1465 1436 1488 1478 ‚
1555 1369 2038 1488 alloq-uaris3
2108 1403 2415 1481 noune,
2478 1375 2537 1456 si
2580 1448 2585 1458 .

697 1521 934 1611 putas
969 1521 1046 1584 te
1084 1521 1356 1612 sapere
1382 1564 1406 1606 ,
1445 1499 1649 1584 sicut
1688 1499 1931 1584 credo
1958 1567 1981 1608 ‚
2021 1498 2194 1586 talia
2236 1503 2540 1617 quippe

697 1657 858 1712 non
938 1628 1313 1713 scriberes
1340 1693 1365 1737 ‚
1432 1629 1581 1712 uisi
1649 1629 1961 1716 tibimet
2028 1631 2130 1715 de
2168 1633 2483 1716 scientia
2516 1697 2541 1736 ‚

698 1781 940 1876 atque
1011 1759 1434 1872 prudentia
1504 1757 1923 1850 blandiaris
1951 1828 1975 1870 ,
2038 1759 2544 1846 stultissimus

698 1917 782 1971 es
809 1954 834 1996 ,
869 1891 929 1972 si
971 1917 1228 2002 speras
1254 1954 1278 1995 ,
1319 1887 1507 1975 haec
1546 1886 1697 1971 illis
1737 1911 1813 1972 te
1858 1921 2313 2004 persuasum
2366 1891 2484 1972 ire'
2510 1955 2535 1998 ,

699 2045 961 2100 nonne
1005 2015 1198 2131 ‘tibi'
1233 2015 1523 2102 similes
1584 2015 1978 2102 arbitraris
2009 2085 2032 2127 ‚
2071 2019 2255 2126 vel,
2311 2015 2535 2136 quod
2581 2021 2587 2026 ’

697 2145 1112 2258 malignius
1151 2168 1314 2250 est,
1352 2147 1676 2264 iniquos
1740 2148 2017 2234 ducis?
2057 2148 2537 2233 Cavebimus

569 2327 578 2336 =
695 2306 968 2370 omnes
995 2343 1019 2386 ,
1083 2275 1322 2388 igitur
1349 2341 1374 2377 ,
1439 2297 1683 2394 teque
1748 2307 1937 2360 cum
2004 2301 2137 2360 tua
2203 2273 2536 2370 stultitia

693 2408 1238 2527 relinquemus
1270 2477 1293 2518 ‚
1331 2438 1478 2493 nec
1522 2438 1858 2523 nsquam·
1900 2404 2143 2491 fidem
2186 2405 2539 2492 merebe-

696 2570 837 2647 re,
878 2540 1027 2622 nisi
1066 2538 1385 2630 forsitan
1426 2540 1645 2652 apud
1709 2535 1988 2621 stultos
2017 2602 2034 2623 .
2078 2539 2309 2649 Quae
2350 2564 2537 2621 cum

697 2670 806 2751 ita
845 2670 1002 2755 sint
1035 2735 1058 2777 ‚
1099 2674 1361 2785 negari
1401 2667 1731 2787 quidem
1775 2698 1934 2753 uon
1978 2690 2326 2780 possunt,
2364 2695 2535 2748 ora‘

699 2822 829 2883 tor
868 2802 1220 2911 egregie3
1270 2830 1552 2884 nonne
1618 2798 1875 2911 primo
1941 2820 2101 2881 tam
2168 2793 2573 2906 elegantis

696 2930 1064 3013 orationis
1103 2931 1480 3042 ingressu,
1507 2952 1581 3013 te
1626 2926 1975 3012 rabidam
2007 2927 2325 3011 bestiam
2356 2954 2541 3039 prof

685 3059 834 3145 bas
859 3126 884 3165 ‚
923 3085 1012 3145 ut
1049 3061 1410 3174 superius
1449 3052 1848 3142 diffinivi?
1886 3056 2044 3143 Sed
2087 3054 2277 3140 haec
2305 3055 2537 3137 omit-

696 3214 948 3275 tamus
972 3255 999 3298 ,
1039 3214 1118 3275 et
1154 3191 1515 3308 quamvis
1551 3189 1776 3273 omni*
1838 3182 2002 3271 fide
2067 3217 2323 3273 careas
2351 3252 2373 3289 ‚
2413 3184 2545 3267 vi-
2579 3178 2583 3183 ’

695 3319 1026 3405 deamus
1101 3352 1196 3423 an
1275 3315 1655 3405 vocabula
1684 3382 1709 3425 ,
1774 3345 1977 3435 quae
2014 3312 2021 3319 ’
2054 3313 2535 3403 Florentinis

695 3450 1088 3563 imponis,
1129 3478 1310 3534 vera
1378 3445 1506 3531 vel
1546 3445 1829 3531 idonea
1894 3446 2045 3527 sint
2109 3442 2229 3525 his
2256 3508 2279 3548 ‚
2318 3444 2523 3561 qnos

668 3578 1164 3695 -i'usequeris',
1189 3576 1586 3663 attributa.
1611 3574 2251 3663 Pet-ditissimos
2278 3579 2489 3696 cives
2510 3637 2533 3677 ,

693 3729 1148 3800 vastatores
1178 3713 1517 3826 patriae
1544 3774 1567 3817 ,
1609 3709 2240 3818 turbatoresque
2288 3710 2527 3808 pacis
