<?xml version="1.0" encoding="UTF-8"?>
<!DOCTYPE html PUBLIC "-//W3C//DTD XHTML 1.0 Transitional//EN"
    "http://www.w3.org/TR/xhtml1/DTD/xhtml1-transitional.dtd">
<html xmlns="http://www.w3.org/1999/xhtml" xml:lang="en" lang="en">
 <head>
  <title>
</title>
<meta http-equiv="Content-Type" content="text/html;charset=utf-8" />
  <meta name='ocr-system' content='tesseract 3.04.00' />
  <meta name='ocr-capabilities' content='ocr_page ocr_carea ocr_par ocr_line ocrx_word'/>
</head>
<body>
  <div class='ocr_page' id='page_1' title='image "./invectivalinico00salugoog/invectivalinico00salugoog_0200.png"; bbox 0 0 2981 4742; ppageno 0'>
   <div class='ocr_carea' id='block_1_1' title="bbox 398 338 2438 2666">
    <p class='ocr_par' dir='ltr' id='par_1_1' title="bbox 398 338 2438 2666">
     <span class='ocr_line' id='line_1_1' title="bbox 2107 338 2250 441; baseline -0.007 -19"><span class='ocrx_word' id='word_1_1' title='bbox 2107 338 2250 441; x_wconf 68' lang='lat'>¹4¹</span> 
     </span>
     <span class='ocr_line' id='line_1_2' title="bbox 490 481 2394 606; baseline -0.006 -33"><span class='ocrx_word' id='word_1_2' title='bbox 490 490 880 606; x_wconf 78' lang='lat' dir='ltr'>quefines</span> <span class='ocrx_word' id='word_1_3' title='bbox 922 489 1099 571; x_wconf 82' lang='lat' dir='ltr'>eius</span> <span class='ocrx_word' id='word_1_4' title='bbox 1126 490 1173 569; x_wconf 77' lang='lat' dir='ltr'><em>P</em></span> <span class='ocrx_word' id='word_1_5' title='bbox 1212 482 1393 593; x_wconf 84' lang='lat' dir='ltr'>Qua</span> <span class='ocrx_word' id='word_1_6' title='bbox 1449 481 1982 591; x_wconf 77' lang='lat' dir='ltr'>grammaticae</span> <span class='ocrx_word' id='word_1_7' title='bbox 2034 485 2325 567; x_wconf 86' lang='lat' dir='ltr'>ratione</span> <span class='ocrx_word' id='word_1_8' title='bbox 2387 490 2394 496; x_wconf 83' lang='lat'><strong><em>&#39;</em></strong></span> 
     </span>
     <span class='ocr_line' id='line_1_3' title="bbox 398 609 2326 732; baseline -0.007 -28"><span class='ocrx_word' id='word_1_9' title='bbox 398 664 403 671; x_wconf 88' lang='lat'><strong>·</strong></span> <span class='ocrx_word' id='word_1_10' title='bbox 498 641 753 732; x_wconf 88' lang='lat' dir='ltr'>potest</span> <span class='ocrx_word' id='word_1_11' title='bbox 792 614 1336 721; x_wconf 88' lang='lat' dir='ltr'>antecedenti,</span> <span class='ocrx_word' id='word_1_12' title='bbox 1378 610 1499 696; x_wconf 81' lang='lat' dir='ltr'>vel</span> <span class='ocrx_word' id='word_1_13' title='bbox 1545 611 2026 694; x_wconf 87' lang='lat' dir='ltr'>substantivo</span> <span class='ocrx_word' id='word_1_14' title='bbox 2068 609 2326 723; x_wconf 83' lang='lat' dir='ltr'>plura-</span> 
     </span>
     <span class='ocr_line' id='line_1_4' title="bbox 498 740 2332 854; baseline -0.005 -23"><span class='ocrx_word' id='word_1_15' title='bbox 498 746 595 850; x_wconf 85' lang='lat' dir='ltr'>lis</span> <span class='ocrx_word' id='word_1_16' title='bbox 632 747 966 854; x_wconf 84' lang='lat' dir='ltr'>numeri,</span> <span class='ocrx_word' id='word_1_17' title='bbox 1008 742 1449 851; x_wconf 81' lang='lat' dir='ltr'>relativum,</span> <span class='ocrx_word' id='word_1_18' title='bbox 1476 765 1611 824; x_wconf 89' lang='lat' dir='ltr'>aut</span> <span class='ocrx_word' id='word_1_19' title='bbox 1651 740 2120 829; x_wconf 83' lang='lat' dir='ltr'>adiectivum</span> <span class='ocrx_word' id='word_1_20' title='bbox 2148 770 2332 823; x_wconf 89' lang='lat' dir='ltr'>con-</span> 
     </span>
     <span class='ocr_line' id='line_1_5' title="bbox 497 868 2329 989; baseline -0.006 -27"><span class='ocrx_word' id='word_1_21' title='bbox 497 880 697 963; x_wconf 81' lang='lat' dir='ltr'>strui</span> <span class='ocrx_word' id='word_1_22' title='bbox 736 876 1172 989; x_wconf 75' lang='lat' dir='ltr'>singulare?</span> <span class='ocrx_word' id='word_1_23' title='bbox 1212 873 1374 961; x_wconf 84' lang='lat' dir='ltr'>Cui</span> <span class='ocrx_word' id='word_1_24' title='bbox 1414 870 1946 983; x_wconf 83' lang='lat' dir='ltr'>coniungitur,</span> <span class='ocrx_word' id='word_1_25' title='bbox 1979 868 2329 975; x_wconf 79' lang='lat' dir='ltr'>obsecro,</span> 
     </span>
     <span class='ocr_line' id='line_1_6' title="bbox 489 988 2334 1123; baseline -0.007 -31"><span class='ocrx_word' id='word_1_26' title='bbox 489 988 940 1123; x_wconf 28' lang='lat' dir='ltr'>&#39;pronomen</span> <span class='ocrx_word' id='word_1_27' title='bbox 1007 1000 1209 1099; x_wconf 85' lang='lat' dir='ltr'>illud</span> <span class='ocrx_word' id='word_1_28' title='bbox 1276 1007 1448 1089; x_wconf 79' lang='lat' dir='ltr'>eius</span> <span class='ocrx_word' id='word_1_29' title='bbox 1473 1067 1499 1108; x_wconf 90' lang='lat'>,</span> <span class='ocrx_word' id='word_1_30' title='bbox 1565 999 1787 1117; x_wconf 80' lang='lat' dir='ltr'>quod</span> <span class='ocrx_word' id='word_1_31' title='bbox 1853 1022 1972 1083; x_wconf 85' lang='lat' dir='ltr'>est</span> <span class='ocrx_word' id='word_1_32' title='bbox 2025 998 2334 1083; x_wconf 81' lang='lat' dir='ltr'>numeri</span> 
     </span>
     <span class='ocr_line' id='line_1_7' title="bbox 500 1124 2330 1249; baseline -0.009 -27"><span class='ocrx_word' id='word_1_33' title='bbox 500 1135 965 1249; x_wconf 80' lang='lat' dir='ltr'>singularis?</span> <span class='ocrx_word' id='word_1_34' title='bbox 1004 1130 1400 1246; x_wconf 87' lang='lat' dir='ltr'>Nunquid</span> <span class='ocrx_word' id='word_1_35' title='bbox 1465 1129 1904 1213; x_wconf 80' lang='lat' dir='ltr'>oratoribus</span> <span class='ocrx_word' id='word_1_36' title='bbox 1933 1194 1955 1234; x_wconf 88' lang='lat'><strong>,</strong></span> <span class='ocrx_word' id='word_1_37' title='bbox 2010 1127 2150 1243; x_wconf 89' lang='lat' dir='ltr'>qui</span> <span class='ocrx_word' id='word_1_38' title='bbox 2213 1124 2330 1207; x_wconf 87' lang='lat' dir='ltr'>lo·-</span> 
     </span>
     <span class='ocr_line' id='line_1_8' title="bbox 498 1258 2334 1381; baseline -0.004 -33"><span class='ocrx_word' id='word_1_39' title='bbox 498 1290 853 1381; x_wconf 87' lang='lat' dir='ltr'>quuntur</span> <span class='ocrx_word' id='word_1_40' title='bbox 886 1332 909 1373; x_wconf 87' lang='lat'>,</span> <span class='ocrx_word' id='word_1_41' title='bbox 946 1292 1042 1349; x_wconf 82' lang='lat' dir='ltr'>an</span> <span class='ocrx_word' id='word_1_42' title='bbox 1084 1258 1379 1345; x_wconf 86' lang='lat' dir='ltr'>finibus</span> <span class='ocrx_word' id='word_1_43' title='bbox 1408 1325 1431 1366; x_wconf 88' lang='lat'>,</span> <span class='ocrx_word' id='word_1_44' title='bbox 1468 1258 1573 1342; x_wconf 90' lang='lat' dir='ltr'>de</span> <span class='ocrx_word' id='word_1_45' title='bbox 1640 1262 1931 1377; x_wconf 88' lang='lat' dir='ltr'>quibus</span> <span class='ocrx_word' id='word_1_46' title='bbox 1995 1284 2112 1341; x_wconf 88' lang='lat' dir='ltr'>est</span> <span class='ocrx_word' id='word_1_47' title='bbox 2177 1286 2334 1341; x_wconf 83' lang='lat' dir='ltr'>ser·-</span> 
     </span>
     <span class='ocr_line' id='line_1_9' title="bbox 497 1396 2333 1505; baseline -0.006 -24"><span class='ocrx_word' id='word_1_48' title='bbox 497 1396 684 1481; x_wconf 80' lang='lat' dir='ltr'>mo?</span> <span class='ocrx_word' id='word_1_49' title='bbox 724 1396 1213 1505; x_wconf 81' lang='lat' dir='ltr'>Recognosce</span> <span class='ocrx_word' id='word_1_50' title='bbox 1242 1455 1266 1498; x_wconf 90' lang='lat'>‚</span> <span class='ocrx_word' id='word_1_51' title='bbox 1309 1418 1508 1503; x_wconf 90' lang='lat' dir='ltr'>puer</span> <span class='ocrx_word' id='word_1_52' title='bbox 1535 1454 1558 1495; x_wconf 87' lang='lat'>‚</span> <span class='ocrx_word' id='word_1_53' title='bbox 1628 1420 2084 1499; x_wconf 80' lang='lat' dir='ltr'>recognosce</span> <span class='ocrx_word' id='word_1_54' title='bbox 2150 1412 2333 1473; x_wconf 80' lang='lat' dir='ltr'>tuos</span> 
     </span>
     <span class='ocr_line' id='line_1_10' title="bbox 426 1505 2340 1637; baseline -0.003 -28"><span class='ocrx_word' id='word_1_55' title='bbox 426 1531 428 1534; x_wconf 77' lang='grc'><strong>’</strong></span> <span class='ocrx_word' id='word_1_56' title='bbox 503 1553 807 1609; x_wconf 85' lang='lat' dir='ltr'>errores</span> <span class='ocrx_word' id='word_1_57' title='bbox 835 1588 859 1630; x_wconf 90' lang='lat'><strong>,</strong></span> <span class='ocrx_word' id='word_1_58' title='bbox 898 1523 990 1606; x_wconf 81' lang='lat' dir='ltr'>in&#39;</span> <span class='ocrx_word' id='word_1_59' title='bbox 1023 1551 1228 1637; x_wconf 89' lang='lat' dir='ltr'>quos</span> <span class='ocrx_word' id='word_1_60' title='bbox 1268 1518 1640 1604; x_wconf 82' lang='lat' dir='ltr'>incidisse</span> <span class='ocrx_word' id='word_1_61' title='bbox 1681 1505 1867 1603; x_wconf 87' lang='lat' dir='ltr'>cnm</span> <span class='ocrx_word' id='word_1_62' title='bbox 1941 1545 2174 1634; x_wconf 82' lang='lat' dir='ltr'>turpe</span> <span class='ocrx_word' id='word_1_63' title='bbox 2237 1519 2340 1603; x_wconf 86' lang='lat' dir='ltr'>sit</span> 
     </span>
     <span class='ocr_line' id='line_1_11' title="bbox 505 1646 2332 1767; baseline -0.002 -30"><span class='ocrx_word' id='word_1_64' title='bbox 505 1652 1029 1767; x_wconf 82' lang='lat' dir='ltr'>grammatico,</span> <span class='ocrx_word' id='word_1_65' title='bbox 1061 1650 1373 1763; x_wconf 82' lang='lat' dir='ltr'>turpius</span> <span class='ocrx_word' id='word_1_66' title='bbox 1410 1670 1526 1733; x_wconf 86' lang='lat' dir='ltr'>est</span> <span class='ocrx_word' id='word_1_67' title='bbox 1569 1646 1843 1760; x_wconf 78' lang='lat' dir='ltr'>logice,</span> <span class='ocrx_word' id='word_1_68' title='bbox 1872 1646 2010 1731; x_wconf 85' lang='lat' dir='ltr'>sed</span> <span class='ocrx_word' id='word_1_69' title='bbox 2051 1648 2332 1761; x_wconf 81' lang='lat' dir='ltr'>turpis-</span> 
     </span>
     <span class='ocr_line' id='line_1_12' title="bbox 461 1774 2322 1891; baseline -0.004 -24"><span class='ocrx_word' id='word_1_70' title='bbox 461 1778 797 1891; x_wconf 71' lang='lat' dir='ltr'>simum</span> <span class='ocrx_word' id='word_1_71' title='bbox 835 1778 1171 1864; x_wconf 85' lang='lat' dir='ltr'>oratori.</span> <span class='ocrx_word' id='word_1_72' title='bbox 1214 1776 1385 1863; x_wconf 87' lang='lat' dir='ltr'>Nec</span> <span class='ocrx_word' id='word_1_73' title='bbox 1426 1774 1674 1887; x_wconf 81' lang='lat' dir='ltr'>fugias</span> <span class='ocrx_word' id='word_1_74' title='bbox 1701 1843 1720 1881; x_wconf 91' lang='lat'><strong>,</strong></span> <span class='ocrx_word' id='word_1_75' title='bbox 1768 1800 1853 1860; x_wconf 90' lang='lat' dir='ltr'>ut</span> <span class='ocrx_word' id='word_1_76' title='bbox 1896 1775 2322 1888; x_wconf 78' lang='lat' dir='ltr'>intelligen-</span> 
     </span>
     <span class='ocr_line' id='line_1_13' title="bbox 502 1902 2344 2019; baseline -0.003 -24"><span class='ocrx_word' id='word_1_77' title='bbox 502 1909 699 1995; x_wconf 86' lang='lat' dir='ltr'>dum</span> <span class='ocrx_word' id='word_1_78' title='bbox 742 1910 834 1992; x_wconf 85' lang='lat' dir='ltr'>sit</span> <span class='ocrx_word' id='word_1_79' title='bbox 876 1936 1015 2019; x_wconf 89' lang='lat' dir='ltr'>per</span> <span class='ocrx_word' id='word_1_80' title='bbox 1056 1902 1259 1989; x_wconf 88' lang='lat' dir='ltr'>illud</span> <span class='ocrx_word' id='word_1_81' title='bbox 1287 1902 1699 1989; x_wconf 86' lang='lat' dir='ltr'>relativum</span> <span class='ocrx_word' id='word_1_82' title='bbox 1729 1910 1904 1991; x_wconf 79' lang='lat' dir='ltr'>eius</span> <span class='ocrx_word' id='word_1_83' title='bbox 1933 1934 2344 2017; x_wconf 78' lang='lat' dir='ltr'>personam</span> 
     </span>
     <span class='ocr_line' id='line_1_14' title="bbox 504 2031 2341 2149; baseline -0.002 -28"><span class='ocrx_word' id='word_1_84' title='bbox 504 2038 699 2149; x_wconf 84' lang='lat' dir='ltr'>regis</span> <span class='ocrx_word' id='word_1_85' title='bbox 728 2102 747 2123; x_wconf 90' lang='lat'><strong><em>.</em></strong></span> <span class='ocrx_word' id='word_1_86' title='bbox 790 2034 1098 2122; x_wconf 83' lang='lat' dir='ltr'>Sciebat</span> <span class='ocrx_word' id='word_1_87' title='bbox 1126 2100 1150 2143; x_wconf 88' lang='lat'>‚</span> <span class='ocrx_word' id='word_1_88' title='bbox 1189 2034 1399 2117; x_wconf 89' lang='lat' dir='ltr'>enim</span> <span class='ocrx_word' id='word_1_89' title='bbox 1429 2099 1453 2141; x_wconf 90' lang='lat'><strong>,</strong></span> <span class='ocrx_word' id='word_1_90' title='bbox 1490 2064 1626 2119; x_wconf 84' lang='lat' dir='ltr'>rex</span> <span class='ocrx_word' id='word_1_91' title='bbox 1669 2034 2064 2118; x_wconf 86' lang='lat' dir='ltr'>sociorum</span> <span class='ocrx_word' id='word_1_92' title='bbox 2119 2031 2341 2140; x_wconf 86' lang='lat' dir='ltr'>fines,</span> 
     </span>
     <span class='ocr_line' id='line_1_15' title="bbox 516 2161 2341 2284; baseline -0.003 -33"><span class='ocrx_word' id='word_1_93' title='bbox 516 2198 728 2284; x_wconf 85' lang='lat' dir='ltr'>quos</span> <span class='ocrx_word' id='word_1_94' title='bbox 767 2162 1265 2278; x_wconf 83' lang='lat' dir='ltr'>popularetur</span> <span class='ocrx_word' id='word_1_95' title='bbox 1305 2161 1545 2248; x_wconf 87' lang='lat' dir='ltr'>hostis</span> <span class='ocrx_word' id='word_1_96' title='bbox 1573 2226 1597 2271; x_wconf 85' lang='lat'>‚</span> <span class='ocrx_word' id='word_1_97' title='bbox 1663 2194 1842 2249; x_wconf 86' lang='lat' dir='ltr'>suos</span> <span class='ocrx_word' id='word_1_98' title='bbox 1908 2196 2065 2247; x_wconf 89' lang='lat' dir='ltr'>non</span> <span class='ocrx_word' id='word_1_99' title='bbox 2120 2196 2341 2271; x_wconf 76' lang='lat' dir='ltr'>esse,</span> 
     </span>
     <span class='ocr_line' id='line_1_16' title="bbox 526 2284 2438 2410; baseline 0.001 -34"><span class='ocrx_word' id='word_1_100' title='bbox 526 2292 1217 2410; x_wconf 83' lang='lat' dir='ltr'>populationesque</span> <span class='ocrx_word' id='word_1_101' title='bbox 1258 2291 1434 2376; x_wconf 81' lang='lat' dir='ltr'>illas</span> <span class='ocrx_word' id='word_1_102' title='bbox 1469 2290 1915 2378; x_wconf 79' lang='lat' dir='ltr'>immediate</span> <span class='ocrx_word' id='word_1_103' title='bbox 1961 2284 2149 2376; x_wconf 73' lang='lat' dir='ltr'>non</span> <span class='ocrx_word' id='word_1_104' title='bbox 2182 2322 2346 2377; x_wconf 84' lang='lat' dir='ltr'>esse</span> <span class='ocrx_word' id='word_1_105' title='bbox 2433 2388 2438 2394; x_wconf 51' lang='grc'>,</span> 
     </span>
     <span class='ocr_line' id='line_1_17' title="bbox 519 2420 2346 2535; baseline -0.002 -28"><span class='ocrx_word' id='word_1_106' title='bbox 519 2424 788 2534; x_wconf 86' lang='lat' dir='ltr'>regni,</span> <span class='ocrx_word' id='word_1_107' title='bbox 828 2420 952 2504; x_wconf 85' lang='lat' dir='ltr'>vel</span> <span class='ocrx_word' id='word_1_108' title='bbox 996 2422 1202 2535; x_wconf 68' lang='lat' dir='ltr'>regis⁴</span> <span class='ocrx_word' id='word_1_109' title='bbox 1255 2421 1686 2530; x_wconf 86' lang='lat' dir='ltr'>damnum,</span> <span class='ocrx_word' id='word_1_110' title='bbox 1753 2424 2154 2529; x_wconf 84' lang='lat' dir='ltr'>iniuriam,</span> <span class='ocrx_word' id='word_1_111' title='bbox 2219 2420 2346 2508; x_wconf 84' lang='lat' dir='ltr'>vel</span> 
     </span>
     <span class='ocr_line' id='line_1_18' title="bbox 504 2548 2345 2666; baseline -0.001 -31"><span class='ocrx_word' id='word_1_112' title='bbox 504 2551 1065 2657; x_wconf 80' lang='lat' dir='ltr'>offensionem,</span> <span class='ocrx_word' id='word_1_113' title='bbox 1106 2548 1246 2634; x_wconf 83' lang='lat' dir='ltr'>sed</span> <span class='ocrx_word' id='word_1_114' title='bbox 1286 2551 1671 2633; x_wconf 83' lang='lat' dir='ltr'>sociorum</span> <span class='ocrx_word' id='word_1_115' title='bbox 1706 2581 1992 2666; x_wconf 85' lang='lat' dir='ltr'>‚·quas</span> <span class='ocrx_word' id='word_1_116' title='bbox 2027 2550 2345 2659; x_wconf 89' lang='lat' dir='ltr'>ulcisci,</span> 
     </span>
    </p>
   </div>
   <div class='ocr_carea' id='block_1_2' title="bbox 505 2677 2348 2796">
    <p class='ocr_par' dir='ltr' id='par_1_2' title="bbox 505 2677 2348 2796">
     <span class='ocr_line' id='line_1_19' title="bbox 505 2677 2348 2796; baseline 0 -31"><span class='ocrx_word' id='word_1_117' title='bbox 505 2679 1085 2796; x_wconf 86' lang='lat' dir='ltr'>prohibereque</span> <span class='ocrx_word' id='word_1_118' title='bbox 1129 2677 1505 2784; x_wconf 85' lang='lat' dir='ltr'>deberet,</span> <span class='ocrx_word' id='word_1_119' title='bbox 1567 2677 1665 2762; x_wconf 86' lang='lat' dir='ltr'>ad</span> <span class='ocrx_word' id='word_1_120' title='bbox 1736 2681 2008 2796; x_wconf 90' lang='lat' dir='ltr'>quod,</span> <span class='ocrx_word' id='word_1_121' title='bbox 2077 2705 2158 2764; x_wconf 94' lang='lat' dir='ltr'>ut</span> <span class='ocrx_word' id='word_1_122' title='bbox 2223 2683 2348 2766; x_wconf 82' lang='lat' dir='ltr'>di-</span> 
     </span>
    </p>
   </div>
   <div class='ocr_carea' id='block_1_3' title="bbox 379 2805 2344 2915">
    <p class='ocr_par' dir='ltr' id='par_1_3' title="bbox 379 2805 2344 2915">
     <span class='ocr_line' id='line_1_20' title="bbox 379 2805 2344 2915; baseline 0.002 -22"><span class='ocrx_word' id='word_1_123' title='bbox 379 2851 387 2860; x_wconf 95' lang='lat'><strong>·</strong></span> <span class='ocrx_word' id='word_1_124' title='bbox 512 2832 728 2893; x_wconf 88' lang='lat' dir='ltr'>ctum</span> <span class='ocrx_word' id='word_1_125' title='bbox 770 2831 937 2911; x_wconf 84' lang='lat' dir='ltr'>est,</span> <span class='ocrx_word' id='word_1_126' title='bbox 979 2805 1327 2890; x_wconf 80' lang='lat' dir='ltr'>validum</span> <span class='ocrx_word' id='word_1_127' title='bbox 1370 2807 1795 2892; x_wconf 86' lang='lat' dir='ltr'>exercitum</span> <span class='ocrx_word' id='word_1_128' title='bbox 1864 2808 2344 2915; x_wconf 83' lang='lat' dir='ltr'>destinabat.</span> 
     </span>
    </p>
   </div>
   <div class='ocr_carea' id='block_1_4' title="bbox 384 2929 2354 3830">
    <p class='ocr_par' dir='ltr' id='par_1_4' title="bbox 384 2929 2354 3830">
     <span class='ocr_line' id='line_1_21' title="bbox 458 2929 2344 3028; baseline 0.003 -6"><span class='ocrx_word' id='word_1_129' title='bbox 458 2929 461 2934; x_wconf 33' lang='lat'>¹</span> <span class='ocrx_word' id='word_1_130' title='bbox 510 2935 1115 3023; x_wconf 85' lang='lat' dir='ltr'>Incommodum</span> <span class='ocrx_word' id='word_1_131' title='bbox 1157 2969 1317 3022; x_wconf 88' lang='lat' dir='ltr'>esse</span> <span class='ocrx_word' id='word_1_132' title='bbox 1363 2971 1522 3024; x_wconf 85' lang='lat' dir='ltr'>non</span> <span class='ocrx_word' id='word_1_133' title='bbox 1567 2940 1910 3026; x_wconf 84' lang='lat' dir='ltr'>dedecus</span> <span class='ocrx_word' id='word_1_134' title='bbox 1951 2943 2344 3028; x_wconf 82' lang='lat' dir='ltr'>sociorum</span> 
     </span>
     <span class='ocr_line' id='line_1_22' title="bbox 484 3063 2352 3179; baseline 0.004 -31"><span class='ocrx_word' id='word_1_135' title='bbox 484 3065 589 3150; x_wconf 83' lang='lat' dir='ltr'>in</span> <span class='ocrx_word' id='word_1_136' title='bbox 629 3064 782 3149; x_wconf 88' lang='lat' dir='ltr'>illis</span> <span class='ocrx_word' id='word_1_137' title='bbox 806 3063 1362 3152; x_wconf 85' lang='lat' dir='ltr'>offensionibus</span> <span class='ocrx_word' id='word_1_138' title='bbox 1406 3099 1540 3155; x_wconf 85' lang='lat' dir='ltr'>rex</span> <span class='ocrx_word' id='word_1_139' title='bbox 1581 3071 1950 3179; x_wconf 49' lang='lat' dir='ltr'>videbag.</span> <span class='ocrx_word' id='word_1_140' title='bbox 1975 3102 2156 3156; x_wconf 89' lang='lat' dir='ltr'>cum</span> <span class='ocrx_word' id='word_1_141' title='bbox 2187 3063 2352 3156; x_wconf 76' lang='lat' dir='ltr'>tur-</span> 
     </span>
     <span class='ocr_line' id='line_1_23' title="bbox 512 3187 2351 3313; baseline 0.005 -36"><span class='ocrx_word' id='word_1_142' title='bbox 512 3225 614 3309; x_wconf 89' lang='lat' dir='ltr'>pe</span> <span class='ocrx_word' id='word_1_143' title='bbox 656 3223 815 3278; x_wconf 85' lang='lat' dir='ltr'>non</span> <span class='ocrx_word' id='word_1_144' title='bbox 854 3194 951 3280; x_wconf 85' lang='lat' dir='ltr'>sit</span> <span class='ocrx_word' id='word_1_145' title='bbox 990 3198 1157 3308; x_wconf 83' lang='lat' dir='ltr'>pari</span> <span class='ocrx_word' id='word_1_146' title='bbox 1184 3263 1209 3304; x_wconf 90' lang='lat'>‚</span> <span class='ocrx_word' id='word_1_147' title='bbox 1250 3195 1376 3280; x_wconf 84' lang='lat' dir='ltr'>vel</span> <span class='ocrx_word' id='word_1_148' title='bbox 1421 3198 1692 3281; x_wconf 77' lang='lat' dir='ltr'>maiori</span> <span class='ocrx_word' id='word_1_149' title='bbox 1735 3187 2072 3313; x_wconf 79' lang='lat' dir='ltr'>pot’entia</span> <span class='ocrx_word' id='word_1_150' title='bbox 2140 3201 2351 3287; x_wconf 88' lang='lat' dir='ltr'>bello</span> 
     </span>
     <span class='ocr_line' id='line_1_24' title="bbox 511 3324 2352 3442; baseline 0.005 -35"><span class='ocrx_word' id='word_1_151' title='bbox 511 3324 820 3438; x_wconf 85' lang='lat' dir='ltr'>premi,</span> <span class='ocrx_word' id='word_1_152' title='bbox 860 3324 1400 3438; x_wconf 82' lang='lat' dir='ltr'>turpissimum</span> <span class='ocrx_word' id='word_1_153' title='bbox 1441 3351 1729 3436; x_wconf 88' lang='lat' dir='ltr'>autem,</span> <span class='ocrx_word' id='word_1_154' title='bbox 1769 3353 1846 3412; x_wconf 92' lang='lat' dir='ltr'>et</span> <span class='ocrx_word' id='word_1_155' title='bbox 1883 3329 2352 3442; x_wconf 80' lang='lat' dir='ltr'>inexpiabile</span> 
     </span>
     <span class='ocr_line' id='line_1_25' title="bbox 384 3453 2352 3573; baseline 0.004 -36"><span class='ocrx_word' id='word_1_156' title='bbox 384 3513 388 3522; x_wconf 88' lang='lat'><em>-</em></span> <span class='ocrx_word' id='word_1_157' title='bbox 514 3453 864 3538; x_wconf 81' lang='lat' dir='ltr'>dedecus</span> <span class='ocrx_word' id='word_1_158' title='bbox 904 3483 1069 3540; x_wconf 82' lang='lat' dir='ltr'>esse</span> <span class='ocrx_word' id='word_1_159' title='bbox 1112 3457 1445 3562; x_wconf 84' lang='lat' dir='ltr'>vastari,</span> <span class='ocrx_word' id='word_1_160' title='bbox 1484 3457 1614 3543; x_wconf 82' lang='lat' dir='ltr'>vel</span> <span class='ocrx_word' id='word_1_161' title='bbox 1656 3459 1922 3544; x_wconf 78' lang='lat' dir='ltr'>invadi</span> <span class='ocrx_word' id='word_1_162' title='bbox 1961 3491 2352 3573; x_wconf 87' lang='lat' dir='ltr'>praesum-</span> 
     </span>
     <span class='ocr_line' id='line_1_26' title="bbox 520 3582 2352 3704; baseline 0.003 -37"><span class='ocrx_word' id='word_1_163' title='bbox 520 3584 844 3698; x_wconf 77' lang='lat' dir='ltr'>ptione,</span> <span class='ocrx_word' id='word_1_164' title='bbox 884 3582 1013 3670; x_wconf 82' lang='lat' dir='ltr'>vel</span> <span class='ocrx_word' id='word_1_165' title='bbox 1052 3587 1492 3672; x_wconf 85' lang='lat' dir='ltr'>temeritate</span> <span class='ocrx_word' id='word_1_166' title='bbox 1532 3587 1904 3690; x_wconf 86' lang='lat' dir='ltr'>minoris,</span> <span class='ocrx_word' id='word_1_167' title='bbox 1971 3589 2194 3704; x_wconf 87' lang='lat' dir='ltr'>quod</span> <span class='ocrx_word' id='word_1_168' title='bbox 2261 3613 2352 3672; x_wconf 81' lang='lat' dir='ltr'>tu</span> 
     </span>
     <span class='ocr_line' id='line_1_27' title="bbox 518 3707 2354 3830; baseline 0.001 -30"><span class='ocrx_word' id='word_1_169' title='bbox 518 3741 665 3800; x_wconf 77' lang='lat' dir='ltr'>nos</span> <span class='ocrx_word' id='word_1_170' title='bbox 702 3707 927 3826; x_wconf 82' lang='lat' dir='ltr'>fingis</span> <span class='ocrx_word' id='word_1_171' title='bbox 965 3742 1123 3800; x_wconf 88' lang='lat' dir='ltr'>non</span> <span class='ocrx_word' id='word_1_172' title='bbox 1163 3712 1417 3801; x_wconf 83' lang='lat' dir='ltr'>solnm</span> <span class='ocrx_word' id='word_1_173' title='bbox 1459 3745 1600 3800; x_wconf 86' lang='lat' dir='ltr'>nos</span> <span class='ocrx_word' id='word_1_174' title='bbox 1638 3712 2131 3802; x_wconf 78' lang='lat' dir='ltr'>excellentiae</span> <span class='ocrx_word' id='word_1_175' title='bbox 2159 3719 2354 3830; x_wconf 80' lang='lat' dir='ltr'>regis</span> 
     </span>
    </p>
   </div>
  </div>
 </body>
</html>
