2981 4742
2177 354 2276 438 77

510 500 659 554 nus
698 461 1163 576 experientia
1210 458 1479 545 docuit
1517 530 1536 565 ,
1562 486 1634 547 et
1670 495 1803 574 pet·
1834 467 1979 549 Dei
2027 468 2351 577 gratiam

514 598 879 681 edocebit
909 660 928 679 .
972 595 1083 677 Et
1150 615 1239 673 ut
1308 593 1579 674 lovem
1645 599 1991 677 omittam
2064 618 2354 703 tuum5

520 758 765 843 quem
832 724 1121 807 scimus
1190 718 1377 802 nihil
1444 751 1606 805 esse
1636 789 1659 830 ,
1725 724 1868 805 nisi
1949 722 2356 812 stultitiam

522 856 872 967 gentium
904 919 928 959 ‚
968 880 1171 963 quae
1240 878 1619 931 manuum
1685 878 2003 933 suarum
2068 882 2356 965 opera,

502 984 761 1067 .veluti
837 981 1205 1063 divinum
1282 975 1582 1091 aliquid
1661 975 2087 1064 adorabant
2115 1045 2138 1085 ,
2192 982 2356 1065 scio¹

500 1114 724 1229 quod
766 1114 983 1195 Deus
1012 1177 1033 1215 ,
1075 1132 1310 1223 atque
1355 1133 1628 1191 natura
1671 1109 2126 1194 mortalibus
2153 1111 2352 1193 invi-³

498 1241 825 1327 sibiliter
866 1239 1069 1353 pluit
1096 1304 1118 1341 ‚
1160 1263 1238 1321 et
1299 1238 1538 1336 efficit
1586 1239 1796 1322 unde
1865 1244 2128 1324 vivant
2163 1307 2181 1328 .
2224 1241 2339 1325 Et'

498 1373 702 1455 sicut
740 1372 935 1455 solet
962 1436 985 1477 ‚
1028 1394 1103 1451 et
1146 1392 1395 1479 potest
1443 1369 1658 1451 Deus
1700 1400 1862 1453 uno
1927 1402 2132 1458 anuo
2167 1362 2338 1483 'po-

424 1509 429 1519 '
502 1499 695 1611 pulo
769 1529 916 1581 suo
956 1562 978 1599 ‚
1058 1496 1237 1579 licet
1319 1497 1658 1579 maximo
1698 1559 1721 1602 ,
1807 1527 1966 1579 non
2049 1501 2343 1584 vietum

382 1676 387 1681 ·
495 1628 758 1714 solum
786 1694 811 1737 ,
849 1627 987 1735 sed
1031 1619 1475 1709 ubertatem
1502 1690 1526 1732 ‚
1565 1649 1642 1713 et
1681 1629 1987 1739 copiam
2025 1630 2342 1732 inaesti-

498 1755 867 1841 mabilem
909 1754 1098 1839 dare
1132 1821 1154 1862 ,
1190 1755 1300 1839 sic
1339 1778 1417 1838 et
1456 1756 1744 1867 poterit
1787 1756 2056 1842 multis
2097 1762 2338 1849 annis.

498 1888 612 1972 Et
648 1887 854 1973 sicut
895 1883 1124 1969 Israel
1165 1915 1402 1969 suum
1428 1950 1453 1993 ,
1520 1883 1753 1997 longo
1820 1911 2074 1973 tractu
2141 1914 2339 1973 tem-

495 2017 716 2129 poris
757 2018 839 2101 in
879 2015 1189 2099 deserto
1248 2014 1414 2097 sine
1470 2012 1835 2129 'frugibus
1901 2019 2165 2129 pavit,
2234 2021 2346 2106 sic

420 2227 429 2235 .
498 2176 639 2259 per
676 2142 1316 2231 misericordiam,
1356 2174 1574 2227 suam
1643 2136 2348 2258 populum'paseet

500 2302 736 2357 suum
768 2339 789 2378 ‚
831 2271 1280 2388 medioque·
1302 2269 1694 2355 bellorum
1722 2273 2043 2380 fremitu
2073 2275 2292 2361 dabit
2319 2345 2346 2388 ,

500 2426 582 2487 et
614 2401 964 2487 tuebitur
991 2400 1213 2485 nobis
1242 2399 1526 2512 frugeS,
1557 2403 2101 2521 retribuetque
2129 2407 2349 2495 nobis

498 2528 1107 2617 misericordiam
1140 2596 1163 2636 ‚
1202 2559 1443 2646 quam
1486 2560 1898 2648 nunquam
1927 2531 2162 2620 huius
2205 2567 2333 2650 po-

499 2660 670 2774 puli
713 2661 1144 2773 benignitas
1208 2659 1695 2772 pauperibus
1759 2664 1922 2748 suis
1986 2671 2292 2778 negavit
2317 2736 2343 2777 ‚

500 2815 581 2876 et
622 2789 920 2876 nedum
958 2791 1159 2897 suiS,
1200 2789 1342 2874 sed
1382 2791 1619 2876 etiam
1660 2790 1923 2877 alienis
1952 2859 1972 2877 .
2011 2794 2126 2878 Et
2165 2797 2346 2912 quis

504 2924 586 3006 in
630 2923 845 3008 -orbe
908 2947 1283 3007 terrarum
1362 2920 1702 3035 populus
1730 2943 1782 3026 ,'
1819 2924 1956 3038 qui
2019 2947 2342 3037 sumptu

498 3050 825 3164 publico
863 3078 1043 3138 cum
1109 3050 1429 3162 penuria
1460 3115 1483 3155 ,
1553 3046 1677 3131 vel
1741 3046 1983 3134 sames
2049 3054 2343 3162 saevit,

498 3179 907 3263 subveniat
985 3179 1536 3292 impotentium
1595 3179 2077 3291 paupertati,
2141 3180 2344 3266 sient

490 3306 831 3421 populns
870 3306 933 3390 F
938 3303 1427 3390 lorentinus?
1452 3307 1654 3390 Satis
1693 3328 1808 3389 est
1849 3306 2128 3390 ceteris
2153 3305 2335 3392 hor-

484 3465 621 3519 tea
666 3434 949 3521 babere
984 3500 1007 3543 ,
1044 3433 1147 3520 de
1185 3433 1473 3550 quibus
1513 3432 1874 3520 alimenta
1918 3433 2050 3520 tali
2091 3439 2343 3547 pretio

493 3561 1057 3676 depromantur
1085 3629 1109 3671 ‚
1151 3559 1370 3678 quud
1412 3561 1888 3672 reipublicae
1955 3592 2114 3647 non
2183 3564 2337 3648 sint

500 3685 843 3802 datnn03
883 3693 1124 3806 pietas
1164 3716 1421 3776 autem
1487 3691 1555 3773 F
1558 3689 1936 3776 lorentina
1977 3683 2352 3778 conside-'
