2981 4742
2194 317 2318 416 93
2431 346 2438 353 '

519 436 1065 567 exemplo,qni
1084 446 1145 537 si
1156 446 1315 535 mni
1340 470 1512 563 post
1539 446 1916 563 insignem
1936 449 2376 537 Cannensis

528 610 830 691 pugnae
870 581 1177 665 cladem
1218 583 1300 665 in
1343 581 1555 665 ltalia
1585 580 2128 665 substinebant
2152 577 2372 663 Han·
2503 584 2512 594 ’

532 710 870 796 nibalem
898 778 929 822 ,
966 735 1045 802 et
1086 712 1502 797 mittebant
1541 711 1640 795 ad
1674 734 1928 824 partes
1953 707 2372 822 Hispaniae

532 842 1040 953 Scipionem,
1101 842 1357 948 vidit,
1394 867 1498 945 ‚et
1551 838 1995 930 'admiratus
2034 862 2181 922 est
2252 834 2378 923 su-

536 997 797 1075 rorem
867 974 1333 1061 senensium
1367 1037 1389 1078 ,
1466 968 1980 1083 gentiumqtie
2057 957 2380 1053 suarnm

532 1095 928 1211 impetum
966 1096 1260 1185 finibus
1296 1098 1572 1183 ardere
1613 1100 1894 1182 nostris
1935 1096 2014 1181 in
2059 1096 2376 1203 Tuscia,

406 1274 411 1281 -
533 1230 1126 1342 re'tundereqne
1164 1228 1454 1343 copias,
1492 1246 1686 1342 quas
1723 1226 2156 1311 Bononiam
2227 1225 2376 1310 mi-

530 1379 789 1464 serat,
830 1357 911 1439 in
952 1355 1427 1447 Lombardia
1459 1420 1481 1442 .
1519 1358 1750 1468 Quae
1791 1384 1977 1439 cum
2037 1355 2138 1442 ita
2205 1353 2376 1438 sue-

533 1486 744 1591 rint,
782 1517 877 1570 an
920 1484 1178 1571 credis
1216 1516 1351 1570 eos
1382 1514 1788 1602 nunqnam
1821 1484 2379 1597 poenitentiam

543 1612 903 1702 babuisse
933 1683 958 1723 ,
994 1615 1217 1735 quod
1260 1618 1341 1701 in
1381 1612 1546 1700 fide
1588 1616 2082 1723 mansissent,
2119 1616 2376 1732 quise

549 1745 899 1829 viderint
939 1768 1148 1848 tanta
1190 1741 1389 1853 fide,
1428 1765 1802 1861 tantaque
1866 1742 2177 1827 caritate
2239 1740 2383 1829 de·

554 1870 863 1961 sensns?
904 1872 1164 1959 Velim
1206 1873 1748 1965 Bononienses
1789 1873 2212 1983 interroges
2277 1902 2380 1959 an

532 2030 631 2085 ex
670 2004 1065 2117 praeteriti
1104 2006 1402 2089 ratione
1441 2003 1566 2087 ius
1632 2002 1962 2087 habeant
1990 2054 2048 2107 ,-
2081 2024 2172 2087 ut
2237 2032 2379 2128 nos

538 2163 681 2238 spe
724 2135 961 2246 pacis,
1002 2126 1240 2251 quam
1268 2163 1401 2217 eos
1428 2128 1714 2219 habere
1741 2132 2086 2246 potuisse
2116 2132 2380 2244 priore
2509 2192 2519 2201 -

531 2261 747 2348 hello
786 2266 1123 2349 somnias
1152 2329 1176 2370 ,
1216 2286 1455 2380 atque
1493 2255 1720 2376 fingis
1745 2326 1770 2367 ,
1837 2259 1962 2343 vel
2035 2258 2184 2345 hoc
2248 2259 2379 2347 ha·

534 2392 852 2477 bitttros
890 2390 1062 2476 fore
1103 2395 1554 2506 promiseris
1582 2458 1606 2498 ,
1671 2423 1816 2476 nos
1883 2390 2326 2508 relinquant
2357 2459 2382 2482 .

533 2523 661 2608 An
706 2523 819 2606 eis
858 2507 1516 2633 nostra‘snperbia
1558 2518 1798 2604 fuerit
1836 2521 2080 2604 invisa
2116 2585 2141 2628 ,
2206 2524 2380 2640 qui,

484 2765 495 2777 ⁶
532 2652 997 2768 prinsquam
1038 2652 1359 2749 societas
1397 2649 1586 2736 inita
1627 2645 1867 2734 finem
1935 2652 2323 2768 acciperet
2351 2720 2378 2761 ,

534 2780 953 2867 nobiscum
991 2779 1219 2870 aliam
1262 2781 1856 2866 contraxerunt?
1894 2779 2016 2866 An
2044 2784 2184 2899 qni
2216 2805 2376 2870 tam

530 2909 767 2998 avide
804 2910 1193 2996 societatis
1234 2933 1546 2996 nostrae
1584 2906 1900 2994 foedera
1955 2941 2382 2998 renovave-

531 3064 759 3148 runt,
796 3041 944 3128 tibi
985 3039 1223 3126 fuisse
1266 3040 1644 3124 videntur
1680 3043 1956 3128 nostris
1995 3045 2368 3156 tergiver-

533 3169 969 3255 sationibus
1006 3170 1315 3257 satiati?
1356 3168 1506 3258 Vel
1548 3200 1768 3284 spem
1837 3197 2220 3284 ponentes
2283 3176 2368 3260 in

535 3298 871 3382 domino
912 3322 1077 3406 tuo,
1102 3300 1329 3384 cuius
1358 3296 1668 3384 fraudes
1694 3295 1923 3416 longe
1953 3300 2377 3419 plusquam

542 3429 973 3543 potentiam
1018 3429 1482 3518 metuebant
1511 3494 1536 3537 ,
1575 3426 1831 3546 credis
1857 3496 1882 3537 ,
1923 3430 2046 3515 vel
2089 3432 2380 3544 cogitas

538 3587 681 3640 nos
718 3559 979 3642 odisse
1004 3622 1032 3666 ,
1074 3559 1326 3644 nostra
1366 3555 1794 3642 calamitate
1819 3555 2215 3674 'laetatum'
2246 3560 2382 3646 iri?

536 3683 690 3770 Vel
730 3715 916 3771 cum
957 3687 1039 3772 in
1081 3711 1333 3800 strage
1364 3685 1632 3773 'nostra
1675 3683 1960 3770 claram
2005 3685 2384 3772 libertatis
