2981 4742
499 493 753 609 ampla
783 559 807 601 ,
849 516 927 576 et
967 489 1307 575 officiosa
1352 488 1699 580 subsidia
1732 513 2014 595 nostra,
2040 487 2339 603 quibus

507 633 661 713 iam
705 657 798 711 ex
841 649 1033 707 tunc
1075 620 1495 737 plusquam
1536 622 1756 704 annis
1796 621 2067 731 viginti
2122 645 2345 702 suam

511 741 1030 843 defenderant
1074 749 1510 834 libertatem
1541 816 1565 857 ,
1602 750 2093 833 continuatio
2156 777 2392 862 quo--

515 915 694 972 rum
745 951 767 992 ,
873 911 1297 997 recensque
1391 881 1768 964 memoria
1875 875 2357 984 oblivionem

516 1011 869 1100 contrabi
938 1041 1095 1095 nou
1164 1009 1575 1120 sinebant3
1638 1039 1822 1094 cum
1896 1039 2114 1092 versa
2185 1008 2387 1120 trice⁸

519 1144 714 1230 nihil
763 1163 1071 1256 possent
1115 1163 1418 1252 praeter
1459 1141 1877 1226 amicitiam
1908 1207 1931 1247 ,
1960 1137 2176 1224 nulla
2246 1161 2361 1223 ta-

522 1308 702 1361 men
747 1299 1013 1357 rerum
1067 1269 1540 1382 experientia
1573 1334 1595 1376 ,
1662 1271 2036 1387 quoniam
2105 1297 2369 1353 ueces-

521 1404 749 1512 sitas,
791 1403 935 1484 Dei
993 1399 1280 1512 gratia,
1347 1428 1510 1483 nou
1578 1423 2068 1506 occurrerat,
2134 1396 2401 1482 vesti--

518 1557 730 1639 tam,
787 1551 1091 1642 praeter
1144 1510 1525 1612 unionem
1592 1527 2054 1635 foederum,
2119 1527 2372 1612 consi·-

519 1659 816 1743 liorum
885 1655 1730 1770 communicationem,
1807 1681 1885 1740 et
1948 1658 2034 1742 in
2100 1653 2412 1769 depol-⁸
2519 1676 2526 1683 ·
2604 1677 2614 1684 ·
2747 1655 2755 1662 ’

522 1790 780 1874 lendis
807 1791 1264 1872 societatum
1296 1787 1665 1900 periculis
1694 1787 2371 1900 participationem

461 1904 473 1909 -
519 1916 1218 2004 moderatissimam
1244 1937 1808 2030 expensarum.
1836 1917 2084 2030 Quod
2112 1941 2377 2002 autem

524 2049 790 2164 inq-uis
816 2111 842 2152 ,
867 2037 1022 2128 'nos
1051 2111 1073 2152 ,
1113 2042 1298 2129 iicet
1339 2046 2049 2160 impudentissimi
2084 2048 2380 2154 simus,

533 2201 692 2259 non
735 2193 1178 2284 negaturos,
1215 2199 1402 2256 cum
1445 2175 1635 2287 ipsis
1674 2205 1831 2260 uon
1902 2175 2384 2260 mediocrem

532 2301 1145 2420 controversiam
1201 2300 1579 2388 habuisse·
1634 2327 1891 2393 nostra
1957 2303 2189 2418 culpa
2254 2325 2376 2388 su-

531 2458 874 2546 sceptam
906 2497 930 2541 ,
969 2428 1376 2547 pauloque
1417 2430 1758 2516 abfuisse
1786 2499 1808 2539 ,
1850 2437 2046 2550 'quin
2117 2430 2332 2517 helio
2362 2499 2385 2539 ,

533 2586 774 2679 atque
813 2561 1327 2685 armis-totam
1393 2586 1565 2643 eam
1632 2590 1944 2645 causam
2010 2560 2383 2646 decerne·

494 2771 501 2778 .
533 2720 802 2776 remus
833 2754 855 2794 ‚
893 2687 1080 2776 licet
1122 2684 1382 2772 totam-
1411 2685 1697 2771 vidisse
1736 2688 2023 2773 scribas
2054 2688 2387 2799 Italiam,
2482 2722 2489 2734 ·

534 2820 682 2906 tibi
771 2815 978 2902 forte
1059 2815 1331 2929 potuit
1412 2845 1579 2900 esse
1644 2816 2089 2927 creditam,
2158 2844 2399 2935 atque
2526 2856 2586 2905 A

538 2948 872 3033 inaniter
929 2947 1190 3033 visum
1229 3012 1251 3053 ,
1309 2935 1539 3032 cuius
1604 2978 1832 3033 aures
1899 2948 2087 3035 baec
2154 2948 2392 3059 ficta,

535 3108 744 3193 quae
789 3076 1082 3185 refers,
1107 3073 1619 3162 relationibus
1660 3076 1869 3162 falsis
1906 3060 2342 3193 implebant
2373 3145 2393 3167 .

541 3207 980 3323 Nunquam
1024 3232 1282 3291 tamen
1324 3207 1529 3293 inter
1566 3238 1709 3292 nos
1774 3208 1929 3294 ulia
1995 3210 2398 3294 contentio

544 3337 695 3423 fuit
726 3402 749 3444 ,
789 3365 994 3453 quae
1036 3335 1453 3423 dissidium
1494 3336 1783 3426 faceret
1814 3406 1837 3449 ,
1876 3367 2181 3457 quaeve
2234 3368 2395 3423 non

549 3468 630 3555 in
673 3454 916 3582 ipsius
955 3490 1272 3553 exortus
1309 3464 1811 3553 incunabulis
1852 3500 2033 3553 mox
2060 3469 2399 3553 extincta

463 3618 496 3711 J
549 3590 1159 3680 nit·.'Declarant
1198 3592 1350 3679 hoc
1389 3594 1948 3699 casamenta,
1976 3594 2398 3704 Bruscolis,

553 3742 632 3807 et
709 3720 1155 3811 castilionis
1222 3722 1649 3811 Gattorum
1673 3791 1700 3834 ,
1753 3710 2113 3841 ‘quorum
2194 3722 2398 3811 illud

1926 3890 1970 3974 7
