2981 4742
704 381 863 502 '148
921 436 925 441 ,

631 535 871 627 dere.
916 535 1077 628 Sed
1120 535 1300 646 his
1335 562 1412 623 et
1450 533 1677 624 aliis‘
1649 605 1673 650 ‚
1711 568 1911 658 quae
1954 535 2331 654 proxime
2370 563 2489 618 re·

627 667 837 780 tuli,
917 669 1390 803 respoudeat
1490 671 1632 757 tibi
1700 669 2035 756 stultitia
2114 694 2245 754 tua
2278 737 2300 777 ,
2380 701 2495 751 re-

612 797 1042 914 spondeat
1041 807 1374 886 eveutus
1425 830 1688 885 rerum
1724 800 2259 914 ,respondeat
2301 817 2487 885 con'·

598 929 1064 1014 stantissiun
1108 954 1222 1015 tot
1263 929 1632 1014 laborum
1678 931 2084 1015 tolerantia
2152 944 2475 1032 nosti-ag

605 1081 684 1142 et
724 1057 853 1144 illa
898 1059 962 1144 F
967 1062 1556 1147 lorentiuorutn
1604 1061 1816 1146 bello
1846 1128 1867 1169 ,
1911 1091 2259 1178 paceque
2300 1059 2473 1144 feli-

594 1186 814 1296 citas,
855 1179 1341 1308 quam‘Deus
1382 1192 1757 1306 diguatus
1799 1216 1916 1278 est
1958 1191 2183 1276 uobis
2222 1191 2471 1274 offen-

599 1321 703 1403 sis
749 1340 886 1434 pe‘r
925 1321 1294 1408 iniuriam
1337 1320 1796 1434 indulgere.
1842 1318 2133 1409 Subdis
2172 1342 2469 1424 autem,

597 1469 690 1537 ut
731 1479 874 1533 uos
913 1481 956 1534 a
999 1447 1250 1536 debiti
1291 1447 1622 1536 subsidii
1664 1481 1799 1564 spe
1844 1449 2292 1557 deterreas,
2335 1479 2472 1532 va-

593 1577 837 1662 nitate
865 1578 1088 1665 solita
1119 1579 1452 1685 ‚multa
1425 1580 1763 1698 ,quibus
1794 1581 1940 1665 tibi
1982 1577 2455 1692 persuadere

587 1705 882 1792 videris
913 1695 1282 1820 ,Regem
1331 1708 1589 1819 illum,
1607 1736 1767 1796 tam
1806 1709 2121 1794 divinae
2151 1739 2458 1826 ‚quam

590 1837 981 1924 humanae
1023 1836 1217 1924 fidei
1258 1842 1694 1956 specimen,
1732 1869 2274 1954 percussorum
2318 1870 2467 1922 no-

591 1966 896 2056 biseum
926 1969 1343 2054 foederum
1369 1970 1713 2056 oblitum
1742 1971 1880 2081 iri3
1908 1969 2106 2055 dicis
2134 1970 2455 2055 etenim:

695 2089 943 2218 Quae
983 2087 1272 2185 tamen
1313 2117 1437 2185 est
1481 2106 1652 2187 ista
1696 2099 2132 2187 dementia
2172 2117 2453 2206 tanta,

569 2244 752 2316 tam
795 2233 1262 2348 abhorrens
1301 2233 1406 2316 ab
1449 2231 1689 2316 omni
1727 2263 2002 2337 sensu,
2076 2235 2453 2315 ratione-

570 2394 731 2480 que
769 2367 1280 2479 perversitas
1301 2428 1326 2469 ‚
1365 2382 1460 2448 ut
1489 2366 1872 2477 cogitare
1898 2363 2238 2471 possitis
2264 2363 2451 2445 am-

555 2492 1042 2603 plissimum
1064 2524 1350 2609 regem
1373 2492 1830 2607 officiorum
1838 2492 2439 2607 plurimorum,

557 2630 1140 2711 sanctissimae
1181 2629 1634 2732 societatis,
1680 2643 1933 2743 atque
1986 2626 2433 2738 qffinitatis

553 2754 1158 2865 immemorem,
1199 2760 1327 2840 ita
1368 2756 1919 2869 Florentinas
1961 2785 2157 2865 opes
2185 2744 2431 2837 tieem·-

547 2882 734 2993 dm,
773 2882 1486 3001 ampliandasque
1528 2899 1676 2971 sao
1714 2884 2103 2995 periculo
2143 2914 2419 2970 susce·
2478 2882 2495 2893 ⁹

537 3017 765 3124 pisse
793 3078 816 3119 ,
857 3031 951 3099 ut
994 3031 1468 3099 ceterarum
1512 3044 1803 3099 rerum
1843 3018 2224 3099 omnium
2270 3044 2419 3097 ne-

544 3140 1229 3259 gligens‚vestrae
1255 3160 1595 3227 tantam
1624 3145 1950 3252 salutis,
1980 3160 2068 3260 et·
2078 3144 2421 3270 gloriae

543 3274 1216 3362 studiosissimus
1256 3270 1715 3361 videatur?

653 3404 770 3492 Et
812 3436 912 3491 ue
971 3434 1113 3519 per
1181 3425 1467 3489 cuneta
1534 3400 1836 3511 trahar,
1908 3434 2175 3533 neque
2244 3404 2407 3488 siu-

529 3532 764 3649 gula,
803 3532 945 3621 sed
988 3564 1258 3619 rerum
1299 3561 1700 3619 summam
1742 3526 2105 3646 referam,
2147 3556 2239 3621 tu
2278 3534 2409 3619 di-

532 3666 900 3778 gnitatem
942 3663 1276 3750 domiuo
1318 3686 1462 3749 tuo
1502 3692 2014 3775 concessam,
2082 3686 2175 3751 tu
2238 3664 2411 3750 affi-

517 3796 850 3883 nitatem
887 3795 1221 3910 regiam,
1261 3817 1354 3881 tu
1407 3797 1916 3905 societatem,
1981 3818 2063 3880 et
2130 3792 2398 3881 amieis
2502 3799 2506 3804 ’
