2981 4742
30 3694 42 4089 *ff-ss—-v
30 3658 32 3661 ,
28 3548 54 3621 “WL
28 3470 30 3475 ⁷
26 3378 28 3409 --

59 3750 66 3756 .

716 369 744 423 ι
769 371 813 424 2

651 479 1006 568 oculatae
1047 501 1348 594 ceterae
1387 497 1650 592 gentes
1690 499 2161 594 appareant,
2198 504 2277 568 et
2316 481 2504 568 Flo-

647 613 932 696 rentini
976 611 1419 718 vanissimi,
1451 612 1659 696 sicut
1696 636 2188 729 sunt,atque
2228 644 2509 701 caecu-

650 741 1085 834 tientissimi
1151 739 1570 826 videantur
1599 805 1619 827 .
1686 743 1857 853 Qui
1926 743 2259 859 quidem
2326 768 2507 830 tuae

651 872 1110 958 narrationis
1184 871 1557 972 introitus
1636 903 1879 990 quam
1968 876 2282 986 ineptus
2351 875 2449 958 sit
2482 902 2521 982 ,¹

649 1001 1016 1120 quidque
1043 1000 1477 1114 legentibus
1504 1003 1793 1110 afferat,
1810 1002 2289 1115 paucissimis
2316 1003 2509 1087 edo-

655 1132 856 1219 cebo
885 1198 905 1219 .
946 1132 1154 1243 Quis
1217 1128 1593 1216 dominus
1623 1197 1646 1239 ‚
1684 1134 2026 1248 quisque
2084 1133 2446 1244 princeps
2476 1197 2503 1238 ,

655 1291 962 1381 quaeve
1001 1260 1530 1346 communitas
1569 1283 1727 1366 est,
1759 1260 1839 1344 in
1868 1290 2105 1377 quam
2138 1290 2295 1343 non
2324 1291 2509 1373 pos-

539 1431 544 1438 ⁷
653 1392 753 1474 sit
791 1389 943 1475 boc
980 1390 1195 1475 idem
1226 1457 1251 1500 ,
1289 1389 1535 1508 siquis
1573 1388 2041 1475 debacchari
2105 1383 2447 1474 voluerit
2482 1456 2513 1498 ,

655 1521 1042 1608 iaculari?
1082 1524 1165 1608 Si
1219 1544 1468 1606 ‘tuum
1508 1522 1591 1606 in
1632 1518 2055 1606 dominum
2122 1517 2314 1605 haec
2379 1551 2507 1604 ea·

654 1649 842 1736 dem
881 1648 1121 1738 verba
1161 1649 1603 1736 scribantur
1628 1714 1653 1758 ‚
1691 1649 1876 1764 quis
1945 1648 2509 1744 inconvenieu-

657 1803 777 1864 ter
815 1779 1060 1894 posita
1103 1780 1615 1864 causaretur?
1654 1776 1885 1890 Quid
1944 1778 2095 1864 erit
2159 1809 2509 1866 necessa-

657 1910 869 1994 rium
937 1913 1407 2017 immutare,
1447 1910 1593 1992 nisi
1666 1941 1808 2022 pro
1870 1909 2199 2032 civibus
2248 1935 2511 2020 tyran-

635 2047 905 2152 num,
942 2066 1019 2124 et
1063 2068 1205 2152 pro
1247 2037 1531 2152 plurali
1572 2070 1866 2154 ponere
1894 2068 2319 2124 numerum
2350 2047 2512 2128 sin·
2583 2130 2590 2139 ι

662 2169 1080 2284 gularemi’
1121 2171 1278 2258 Sed
1323 2170 1551 2255 illum
1581 2238 1604 2279 ‚
1632 2196 1719 2288 ‘et
1764 2195 2139 2256 mortuos·
2165 2170 2511 2256 dimitta-

665 2331 894 2409 mus,
959 2331 1145 2385 cum
1211 2300 1507 2417 quibus
1583 2298 1814 2393 deest
1896 2301 2162 2385 mitius
2238 2331 2509 2413 agere,

547 2507 552 2513 ,
663 2434 906 2549 quam
947 2433 1012 2515 si
1054 2433 1316 2513 vivant
1346 2492 1368 2517 .
1415 2430 1617 2535 Dic,
1660 2430 2036 2538 obsecro,
2103 2460 2373 2514 nonne·
2431 2456 2513 2515 te

665 2562 1142 2647 Florentinis
1210 2560 1468 2645 verbis
1536 2560 1686 2643 tuis
1741 2559 2009 2671 prodis
2038 2624 2061 2667 ,
2098 2583 2178 2643 et
2218 2558 2517 2671 detegis

673 2693 1142 2795 inimicum,
1194 2716 1272 2774 et
1337 2689 1808 2803 capitalem,
1872 2719 1961 2773 ac
2028 2691 2520 2801 teterrimum

675 2822 1154 2905 inimicum?
1231 2822 1474 2907 Nunc
1554 2845 1817 2904 autem
1898 2818 2057 2903 fare
2086 2883 2109 2926 ‚
2190 2849 2465 2931 precor
2492 2886 2521 2927 ‚

673 2979 932 3069 quam·
976 2979 1392 3060 personam
1457 2949 1729 3033 induis
1756 3015 1778 3056 ‚
1845 2948 2349 3057 accusatoris,
2412 2979 2513 3033 an

684 3079 959 3162 testis?
1000 3080 1115 3162 Et
1159 3080 1395 3186 testis,
1437 3110 1623 3165 cum
1664 3102 1741 3163 te
1783 3078 2083 3185 offena,
2122 3074 2519 3194 planeque

671 3233 748 3293 te
791 3238 998 3327 geras
1030 3279 1051 3318 ,
1091 3229 1167 3290 et
1208 3205 1553 3293 declares
1595 3207 1713 3293 his
1753 3212 1910 3317 tuis
1952 3208 2355 3322 optatibus
2423 3205 2519 3290 il-

673 3342 938 3444 lorum
967 3407 990 3445 ‚
1031 3369 1232 3453 quos
1273 3340 1703 3455 insequeris
1729 3402 1754 3444 ,
1806 3338 2517 3451 inimicum‚.quem

674 3469 942 3554 locum
989 3470 1365 3587 relinquis
1407 3496 1497 3555 ut
1542 3470 1684 3555 tibi
1727 3465 1854 3555 vel
1896 3465 2282 3551 levissima
2323 3461 2524 3548 fides

678 3600 970 3685 detur?
1013 3600 1442 3685 Accusator
1479 3622 1746 3683 autem
1787 3598 1969 3711 quis
1996 3617 2250 3697 tantae
2278 3596 2526 3704 gravi·
2640 3656 2647 3667 x

677 3734 854 3823 tatis
926 3760 1275 3849 unquam
1319 3729 1464 3818 fuit
1492 3796 1517 3843 ‚
1556 3726 1697 3848 qui
1742 3727 1867 3818 vel
1906 3724 2534 3835 criminationis,
