2981 4742
720 324 882 428 ¹4²
1073 419 1080 428 .

655 467 1064 581 imponere
1093 533 1117 574 ‚
1153 467 1292 556 sed
1333 502 1428 558 ex
1467 498 1590 557 tua
1635 499 1963 583 persona
2036 471 2339 588 conaris
2406 470 2493 554 in

653 601 940 710 regiam
983 601 1344 684 iniuriam
1389 605 1849 714 persuadere
1880 665 1900 685 .
1946 600 2283 696 Nonest
2326 631 2495 684 mo-

645 723 938 812 destiae
966 795 988 834 ‚
1029 730 1909 847 circumspectionisque
1949 729 2494 835 Florentiuae,

643 854 865 970 quod
905 858 1052 944 sibi
1094 883 1328 972 turpe
1370 863 1527 943 non
1566 858 1847 964 fuerit,
1883 858 2115 962 saiso,
2149 886 2490 964 praeser-

643 989 788 1072 tim
829 988 912 1092 in
951 987 1268 1076 alterius
1319 989 1925 1096 contumeliam,
1990 988 2497 1101 dedecusque

653 1115 1092 1222 transferre,
1125 1145 1266 1200 nec
1291 1115 1515 1232 quod
1544 1120 2053 1210 omniuonon
2082 1101 2177 1208 sit
2208 1117 2498 1228 impro-

639 1273 914 1356 perare
953 1245 1402 1332 celsitudini
1447 1249 1645 1330 tanti·
1676 1248 1905 1358 regis,
1934 1239 2015 1329 et
2054 1246 2223 1328 eius
2264 1273 2483 1342 men-

644 1397 812 1460 tem
851 1373 1272 1462 mendaciis
1304 1375 1815 1488 perturbare.
1857 1372 2110 1478 Vide,
2148 1375 2491 1458 circum-

577 1527 581 1532 ·
641 1504 1044 1622 epiceque,
1083 1503 1531 1593 stuhissima
1570 1503 1861 1610 bellua,
1904 1504 2239 1619 qualiter
2278 1504 2493 1610 igno-

579 1637 592 1649 '
642 1632 932 1718 tantiae
971 1628 1312 1743 culpam,
1341 1658 1577 1750 atque
1609 1625 1871 1719 notam
1911 1633 2247 1745 effugias.
2276 1631 2489 1714 Hinc

637 1760 1024 1846 siveram
1064 1758 1348 1846 dixeris
1377 1829 1402 1869 ‚
1441 1762 2019 1874 grammaticam
2084 1761 2471 1866 offendis3

653 1887 842 1994 inde
885 1921 1075 1976 vero
1139 1893 1203 1980 si
1275 1891 1558 1978 falsum
1619 1893 1945 1978 senseris
1976 1958 1999 2000 ,
2062 1893 2481 1989 oratoriam

647 2019 1136 2134 diligentiam
1164 2089 1189 2129 ‚
1263 2022 1611 2140 artisque
1649 2023 2077 2108 rhetoricae
2131 2021 2486 2110 instituta

651 2151 1084 2264 perturba,
1101 2151 1324 2236 nobis
1350 2154 1777 2238 attribuens
1804 2150 2025 2267 quod
2046 2181 2213 2234 non
2234 2149 2487 2260 decet,

654 2277 784 2364 vel
827 2279 1229 2395 splendori
1297 2284 1549 2395 regiae
1604 2285 2015 2365 maiestatis
2068 2278 2531 2393 imponens·

652 2412 879 2531 quod
919 2412 1179 2499 eidem
1231 2414 1463 2499 cedat·
1514 2410 1615 2497 ad
1682 2410 2028 2495 dedecus
2057 2476 2081 2519 ‚
2118 2435 2197 2493 et
2238 2410 2478 2495 rubo·-

612 2542 860 2652 'rem3
899 2542 1285 2659 quodque
1353 2543 1585 2627 nimis
1650 2540 1928 2624 debeat
1997 2536 2485 2623 iracundiam

647 2671 841 2755 tanti
881 2673 1076 2782 regis
1115 2694 1382 2757 contra
1426 2695 1657 2755 tuum
1716 2668 2135 2753 dominum
2206 2694 2491 2781 provo-

651 2828 874 2891 care.
917 2800 1122 2888 Nam
1193 2799 1374 2887 licet
1440 2834 1581 2885 nos
1620 2800 1703 2883 id
1746 2796 1987 2912 fingas
2036 2797 2347 2905 dicere,
2398 2821 2489 2882 tu

483 2996 540 3019 -‚
653 2949 916 3019 tamen
955 2959 1035 3012 es
1062 2995 1085 3037 ‚
1124 2928 1262 3045 qui
1308 2929 1505 3013 dicis
1532 2996 1557 3034 ,
1600 2920 1901 3043 proque
1958 2926 2283 3010 domino
2348 2948 2489 3011 tuo

649 3054 852 3169 dicis
883 3125 907 3167 ,
943 3082 1022 3143 et
1061 3061 1265 3145 sicut
1305 3058 1448 3143 alia
1489 3059 1737 3143 multa
1768 3124 1791 3165 ‚
1856 3082 2119 3143 contra
2194 3054 2489 3140 dictam

651 3188 1138 3275 maiestatem
1168 3254 1191 3295 ,
1231 3211 1310 3271 et
1351 3189 1432 3271 in
1483 3192 1656 3273 eius
1722 3183 2287 3271 contumeliam
2350 3186 2492 3269 ista

560 3413 564 3419 ,
647 3314 873 3424 dicis,
913 3341 1004 3403 ut
1043 3318 1586 3431 dignissimum
1627 3320 1723 3403 sit
1763 3317 2259 3403 serenitatem
2298 3317 2492 3419 eius⁸

653 3469 735 3535 et
777 3447 1178 3533 universos
1219 3449 1433 3561 regni
1480 3478 1843 3561 proceres
1908 3469 2176 3531 contra
2239 3442 2495 3527 domi·
2588 3514 2597 3523 .

657 3608 856 3669 num
897 3601 1176 3686 tuum,
1215 3566 1963 3689 cuius-beneplacita
2006 3603 2163 3656 non
2223 3573 2495 3657 transi-

567 3740 572 3743 ·
651 3735 828 3819 res,
889 3704 1062 3798 sine'
1119 3706 1374 3799 dubio
1435 3705 1973 3795 commoveri.
2013 3705 2325 3823 Verum
2390 3700 2493 3791 ad
