2981 4742
2013 421 2020 428 .
2149 359 2303 444 165

508 496 603 584 in
646 496 869 585 bellis
910 494 1262 611 exempla
1305 498 1762 610 praeterita,
1797 525 2026 610 spes,
2067 493 2190 581 vel
2236 529 2365 580 co-

524 633 931 742 gitationes
976 629 1358 712 humanae
1399 625 1925 745 respondent.
1967 624 2182 734 Sed3
2227 649 2364 739 per

517 755 979 858 immortalis
1026 761 1169 844 Dei
1214 759 1726 862 maiestatem,
1759 755 1971 840 unde
2015 753 2160 838 tibi
2202 770 2367 840 tan-

520 911 651 974 tus
679 889 779 973 de
809 887 1108 976 Gallica
1142 887 1449 982 natione
1478 888 2023 999 contemptus?
2049 885 2368 992 Nonne,
2421 995 2426 1000 .
2493 973 2500 980 ,

520 1018 581 1100 si
628 1023 911 1132 priscas
978 1017 1568 1103 consideremus
1635 1015 1986 1099 historias
2017 1082 2038 1121 ,
2078 1009 2366 1098 Roma-

516 1179 659 1232 nos
697 1152 851 1232 iam
896 1173 1085 1232 tunc
1140 1142 1511 1228 florentes
1575 1138 1791 1259 apud
1861 1134 2177 1229 All‘iam'
2212 1143 2368 1229 flu-

300 1285 363 1374 Χ
512 1306 696 1359 men
738 1276 945 1363 Galli
988 1278 1337 1362 Senones
1379 1276 1541 1358 acie
1583 1275 1792 1358 fusos
1835 1279 2172 1388 turpiter
2239 1275 2366 1359 fu-

509 1428 937 1514 gaverunt,
976 1427 1053 1486 et
1096 1403 1292 1486 urbe
1333 1426 1492 1485 tota
1536 1428 1838 1514 praeter
1905 1405 2163 1487 solum
2211 1406 2364 1490 Ca-

510 1531 879 1643 pitolium
924 1554 1107 1614 sunt
1154 1532 1443 1656 potiti?
1482 1524 1802 1636 Nonne,
1843 1532 2028 1617 licet
2071 1555 2365 1646 postea,

508 1663 740 1747 Duce
770 1658 1157 1766 Camillo,
1200 1658 1455 1775 pulsi,
1497 1665 1694 1776 caesi
1725 1663 2100 1780 ‚fusique
2157 1669 2310 1748 sint
2340 1728 2364 1770 ,

368 1810 392 1836 ⁶
510 1794 987 1908 tandemque
1056 1794 1291 1876 etiam
1358 1796 1438 1878 in
1507 1731 1882 1903 Etruria,
1951 1792 2369 1884 Dolobella

508 1915 866 2006 Romano
904 1920 1231 2037 quidem
1274 1921 1483 2029 duce
1518 1989 1540 2028 ‚
1581 1923 1820 2006 deleti
1869 1921 2198 2030 luet-int,
2253 1948 2366 2008 ta-

512 2077 697 2134 men
740 2050 1163 2168 aliquando
1204 2050 1596 2137 Romanos
1637 2055 1982 2138 vicerant
2013 2121 2034 2159 ,
2077 2055 2360 2138 urbem

432 2180 436 2184 ’
512 2181 943 2265 afflixerant
972 2249 993 2287 ,
1036 2205 1113 2265 et
1148 2249 1168 2286 ,
1211 2209 1302 2270 ut
1345 2179 1593 2298 aliqui
1661 2182 1940 2294 volunt
1968 2181 2363 2294 ‚Capito-

511 2305 714 2392 linae
797 2311 1361 2431 redemptionis
1440 2339 1725 2395 aurum
1791 2305 2364 2422 exportarunti‘

513 2436 673 2521 Sed
718 2459 801 2523 ut
844 2442 1187 2522 Senones
1227 2442 1688 2540 omittamus
1718 2507 1738 2543 ,
1782 2466 2043 2521 nonne
2085 2438 2361 2524 Gallo-
2411 2544 2416 2547 Ι

510 2560 693 2645 rum
750 2569 933 2677 gens
975 2567 1409 2670 Ticinum,
1448 2568 1611 2651 sive
1654 2566 2010 2678 Papiam,
2048 2563 2362 2649 Medio·
2431 2598 2440 2607 ·

504 2686 830 2800 lanum,
895 2692 1273 2799 Brixiam,
1359 2695 1925 2810 veronamque
1999 2694 2402 2787 civitates⁴

509 2814 1171 2928 aedificaverunt,
1214 2846 1291 2907 et
1334 2854 1373 2905 a
1417 2822 1878 2930 Rubicone,
1919 2849 2154 2935 supra
2199 2850 2358 2939 qua

506 2948 911 3057 discurrit,
950 2974 1028 3034 et
1067 2944 1413 3037 flectitur
1442 2953 1926 3066 Αρειιιιίοῡε,
1955 2948 2360 3069 quidquid

505 3080 706 3185 intra
790 3108 1140 3188 montes,
1208 3108 1287 3165 et
1355 3083 1556 3196 circa
1630 3082 1938 3168 Padum
2020 3106 2184 3189 est,
2251 3078 2355 3163 ad

504 3234 955 3299 extremum*
978 3242 1233 3329 usque
1260 3213 1642 3297 Venetiae
1671 3196 2051 3325 angulum
2085 3209 2354 3293 multis

500 3340 783 3425 seculis
827 3343 1184 3453 imperiO,
1224 3342 1707 3461 Galliaeque
1737 3345 2052 3425 nomine
2082 3364 2354 3422 tenne-

501 3472 750 3554 runt?
815 3472 1027 3557 Nolo
1092 3503 1544 3584 comparare
1611 3474 1886 3557 Gallos
1957 3470 2351 3572 invicem,

488 3621 583 3681 et
621 3600 985 3687 Latinos,
1028 3600 1381 3717 Vtraque
1449 3602 1780 3717 quidem
1850 3628 2034 3711 gens
2099 3591 2351 3675 laudi·-

506 3722 656 3811 bus
695 3726 941 3841 pollet
980 3732 1183 3819 suis,
1226 3731 1471 3819 Nunc
1511 3732 1626 3841 hi,
1671 3761 1882 3817 nunc
1924 3727 2034 3813 illi
2077 3714 2348 3840 legun-‘-
