2981 4742
692 345 699 355 ·
793 329 947 416 170

714 446 1117 553 omittere,
1155 443 1380 561 quod
1442 442 1596 528 hie·
1635 440 2238 554 gloriosissimus
2305 439 2569 556 Impe-

680 599 921 660 αισι·
961 576 1041 660 in
1084 577 1460 684 Tusciam
1503 575 1864 681 veniens,
1930 571 2134 655 inter
2201 572 2497 656 Lucam
2529 641 2558 681 ,

712 729 793 788 et
834 706 1287 814 pistoriam,
1332 707 1412 791 in
1454 705 1834 788 honorem
1864 703 2076 802 Beati
2110 702 2317 786 Petri
2353 701 2565 814 Apo-

710 832 889 918 stoli
930 836 1083 920 sub
1136 836 1714 948 promontoriO.
1769 830 1989 947 qnod
2046 835 2569 918 Montecati-

720 995 925 1047 num
966 965 1067 1048 ab
1130 963 1520 1074 indigenis
1583 958 2034 1066 dicebatur,
2099 959 2376 1043 aedem
2438 991 2558 1044 sa-

712 1122 925 1176 cram
969 1096 1310 1179 construi
1358 1093 1584 1200 fecit,
1624 1121 1840 1208 quae·
1858 1113 2120 1204 postea
2148 1088 2304 1174 loci
2339 1088 2568 1201 plebs

718 1223 919 1310 facta
996 1249 1153 1331 est,
1235 1228 1317 1308 in
1397 1223 1870 1334 provincia,
1945 1221 2050 1305 de
2115 1251 2272 1337 qua
2340 1245 2575 1306 natus

586 1369 651 1472 ι’
723 1383 941 1460 sum,
986 1350 1107 1438 ⁸ad
1174 1351 1578 1438 dexteram
1645 1348 2004 1437 Nevolae
2071 1351 2366 1462 ripam,
2430 1352 2578 1466 qui

716 1481 1013 1568 fluvius
1051 1483 1188 1568 toti
1220 1483 1510 1596 patriae
1540 1510 1829 1565 nomen
1855 1478 2108 1586 dedit,
2135 1479 2274 1595 qui
2305 1477 2558 1584 locus,

719 1609 1171 1698 Ptolemaeo
1248 1635 1444 1698 teste
1472 1675 1496 1718 ‚
1586 1613 1854 1697 Lucus
1923 1611 2284 1696 Fet-onis
2349 1634 2572 1692 antea

728 1739 1186 1850 dicebatur3
1254 1740 1473 1825 uude
1537 1764 1616 1825 et
1677 1737 2022 1823 nobilior
2086 1769 2262 1852 pars
2329 1762 2586 1836 terrae

726 1870 1052 1977 Pisciae,
1093 1875 1531 1978 Ferraria,
1560 1891 1961 1982 corrupto
1980 1862 2181 1952 sicut
2209 1867 2570 1968 arbitror,

620 2099 625 2102 ¹
724 1997 1287 2112 vocabulo‚pro
1313 2001 1693 2087 Feronia
1723 1998 1963 2109 vulgo
1989 1996 2195 2082 dicta
2225 2021 2367 2086 est.
2398 2001 2584 2108 Qui

726 2128 1095 2244 princ-eps
1176 2128 1544 2248 reliquias
1621 2128 2314 2234 Florentinorum,
2380 2159 2578 2245 quas

726 2256 1028 2366 Totila,
1072 2260 1222 2346 Dei·
1262 2257 1742 2370 Flagellum,
1783 2257 1984 2342 urbe
2025 2255 2314 2363 diruta,
2341 2256 2563 2348 dissi-

696 2413 1089 2501 -paverat,
1141 2388 1542 2503 colligens,
1581 2388 1950 2476 Romanis
2018 2387 2580 2500 supplentibus

726 2520 984 2624 εἰπε,
1022 2518 1397 2637 quasilla
1453 2520 1759 2604 vastitas
1826 2516 2222 2633 perdidit,
2291 2516 2578 2601 urbem

693 2669 1072 2739 ,nostram
1126 2650 1504 2749 restituit.
1575 2648 1836 2737 Cuius
1904 2647 2062 2752 rei,
2129 2668 2320 2759 post
2371 2644 2582 2729 cele·

697 2773 949 2861 -brem
988 2774 1317 2885 famam,
1359 2800 1435 2863 et
1476 2775 1880 2863 chronicas
1919 2801 2254 2885 nostras,
2296 2806 2576 2860 monu-

732 2929 1093 2989 mentum
1171 2931 1338 3012 est,
1416 2904 1645 3023 quod
1723 2904 1828 2991 ad
1907 2904 2318 2989 dexteram
2385 2903 2578 2989 Arni

730 3033 981 3145 ripam
1020 3033 1417 3151 antiquam
1480 3028 1921 3122 Ecclesiam
1991 3037 2292 3153 Sanctis
2357 3034 2586 3119 dedi-

728 3185 983 3251 catam
1021 3162 1426 3277 Apostolis
1468 3165 1596 3251 vel
1659 3166 2055 3273 restituit,
2124 3164 2251 3252 vel
2319 3162 2584 3249 aedifi-

610 3278 615 3287 ’
738 3293 1011 3401 eavit,·
1055 3292 1569 3409 dotavitque3
1634 3320 2161 3411 >repertaeque
2241 3317 2426 3377 sun-t
2504 3296 2585 3377 in

730 3419 992 3508 arcula
1033 3450 1267 3507 aenea
1312 3426 1579 3536 paucis
1617 3426 1840 3511 aunis
1904 3423 2182 3537 elapsis
2244 3422 2402 3506 su⁷b
2465 3420 2575 3505 al-

595 3556 599 3558 *
734 3549 1011 3645 tariolo
1076 3555 1159 3645 S.
1242 3553 1550 3639 loannis
1593 3555 2048 3669 Baptistae,
2113 3554 2582 3640 Sanctorum
2651 3594 2660 3603 ·

690 3683 1115 3795 ⁸pretiosae
1156 3682 1578 3802 reliquiae,
1619 3713 1821 3805 quas
1859 3681 2140 3790 clerus,
2183 3705 2262 3766 et
2329 3709 2581 3801 popu·
