2981 4742
1970 333 2019 434 ,s
2310 357 2391 412 xt

617 505 774 592 que
799 471 1406 576 doctissimum,
1447 490 1543 557 ut
1582 477 1930 586 ipsemet
1966 473 2318 560 Brunus
2357 475 2451 556 in

616 603 964 710 epistola
1003 633 1117 688 xl.
1157 599 1304 686 lib.
1341 633 1433 687 ιι.
1475 599 1596 684 ad
1633 602 2181 713 Bonifacium
2211 662 2235 705 ,
2312 629 2441 686 ce-

611 745 990 845 terosque
1027 730 1607 842 Coluciifilios
1644 731 2009 818 scribens
2048 746 2443 814 testatur.-

611 858 861 968 Quod
901 857 1295 965 Graecas,
1373 864 1649 977 inquit
1693 922 1715 958 ‚
1793 853 2037 940 didici
2120 854 2443 964 litteras,

619 984 941 1072 Colucii
987 1009 1101 1070 est
1141 1015 1395 1100 opus;
1435 983 1659 1102 qnod
1704 981 1978 1069 latinas
2022 1013 2179 1066 non
2256 981 2447 1068 levi-

565 1135 734 1214 ‚ter
777 1117 1294 1258 inspexerim,
1349 1113 1661 1200 Colucii
1726 1138 1841 1200 est
1906 1143 2159 1228 opus;
2222 1109 2447 1230 quod

619 1267 939 1352 poetas,
981 1241 1204 1362 quod
1251 1267 1651 1350 oratores,
1728 1241 1953 1358 quod
2030 1242 2449 1356 scriptores

619 1395 922 1454 ceteros
997 1373 1368 1486 legerim,
1450 1372 1921 1480 didicerim,
1987 1370 2385 1486 cognorim
2416 1437 2445 1480 ,

500 1509 507 1517 ”
605 1498 917 1609 Colueii
977 1525 1089 1584 est
1153 1531 1404 1616 opus,
1469 1501 1733 1588 Nemo
1774 1531 2127 1618 nuquam
2171 1531 2443 1615 parens

608 1629 688 1710 in
735 1628 970 1714 unico
1009 1628 1414 1744 diligendo
1453 1626 1625 1715 filio
1665 1655 1825 1715 tam
1868 1629 2193 1716 sedulus
2258 1630 2437 1742 fuit,

611 1789 852 1874 quarn
920 1758 1054 1841 ille
1121 1762 1202 1844 in
1269 1790 1396 1844 me
1458 1784 1606 1850 etc.
1684 1765 1831 1850 Ex
1906 1793 2071 1884 qua
2152 1781 2452 1850 mutua

615 1887 1212 1974 consuetudine
1241 1955 1263 1991 ‚
1303 1921 1469 2008 qua
1515 1923 1705 1976 cum
1746 1887 2037 1976 eodem
2082 1895 2451 1978 Leonar·

612 2013 720 2101 do
761 2017 1134 2134 quotidie
1173 2024 1604 2128 utebatur,
1648 2022 2010 2108 multum
2054 2023 2453 2112 utilitatis

610 2152 994 2234 retulisse
1037 2153 1374 2250 fatetur·
1453 2158 1802 2264 ipsemet
1884 2153 2270 2240 Colucius
2348 2157 2445 2240 in

613 2281 961 2395 epistola
1020 2311 1204 2368 Vnt.
1258 2279 1398 2367 Id.
1471 2285 1779 2369 Sextii.
1834 2290 2053 2368 anni
2100 2312 2441 2371 MccccV.

610 2410 731 2494 ad
768 2414 1355 2507 Innocentium
1397 2443 1548 2499 Vn.
1589 2418 1844 2499 Pont.
1886 2416 2142 2499 Max.
2224 2409 2445 2497 Con-

612 2540 836 2623 tinua
864 2604 886 2645 ,
932 2544 1205 2655 inquit
1234 2606 1258 2645 ,
1295 2564 1371 2623 et
1409 2540 1751 2623 studiosa
1807 2540 2037 2625 nobis
2112 2568 2439 2625 consue-

621 2666 824 2752 tudo
863 2666 1067 2772 fuit,
1105 2690 1182 2753 et
1222 2697 1405 2751 cum
1445 2666 1551 2751 de
1590 2670 1887 2753 cunctis
1911 2698 2183 2787 ,quae
2223 2697 2441 2754 com·
2552 2676 2559 2687 '

610 2826 1038 2911 ponerem,
1091 2794 1334 2882 iudex
1411 2822 1663 2948 esset,
1740 2822 1819 2883 et
1894 2830 2043 2913 ego
2120 2828 2449 2885 suarum

609 2914 876 3011 rerhm
918 2926 1209 3012 arbiter
1285 2957 1505 3012 versa
1585 2930 1809 3037 vice,
1884 2960 2029 3013 uos
2108 2952 2448 3039 mutan,

603 3058 803 3143 sicut
843 3058 1144 3143 ferrum
1187 3056 1396 3144 ferro
1433 3062 1795 3167 acuitur,
1834 3089 2387 3146 exacueremus
2418 3125 2444 3168 ,

612 3214 760 3271 nee
797 3186 1019 3273 facile
1058 3186 1391 3274 dixerim
1433 3220 1533 3277 ex
1574 3188 1724 3275 hoc
1764 3188 2002 3277 dulce
2030 3256 2055 3299 ,
2136 3210 2217 3275 et
2298 3184 2439 3272 ho·

609 3340 840 3401 nesto
878 3310 1414 3403 contubernio
1439 3342 1617 3403 uter
1656 3342 2011 3403 nostrum
2056 3314 2231 3431 plus
2258 3344 2443 3429 pro·-

611 3444 912 3534 fecerit.
943 3448 1304 3565 Vterque
1343 3470 1604 3533 tamen
1634 3448 2020 3532 eruditior
2056 3448 2327 3553 evasit,
2350 3466 2443 3531 ut

607 3573 831 3660 fateri
871 3600 1226 3692 oporteat
1267 3602 1553 3665 mutuo
1604 3608 1743 3665 nos
1797 3576 2023 3665 nobis
2063 3574 2299 3661 fuisse
2327 3574 2445 3660 vi·

614 3704 871 3795 cissim
911 3706 1383 3827 discipulus,
1417 3732 1499 3799 et
1537 3708 1921 3826 magister.
1947 3709 2442 3799 Literarum
