2981 4742
688 394 794 479 30

619 537 757 652 qui
804 557 1022 648 negat
1061 533 1550 621 Florentinos
1616 565 1778 620 esse
1846 535 2283 649 Romanos,
2326 529 2471 622 vel'

613 664 870 778 quivis
932 661 1178 769 alius,
1242 666 1366 749 cui
1411 665 1784 778 placuerit
1826 666 1967 749 ista
2030 667 2503 775 contende-''

607 781 693 872 re
721 857 744 897 ,
787 802 1172 914 negetque
1198 861 1224 903 ,
1264 795 1325 878 si
1371 817 1673 908 potest,
1738 791 2178 879 Faesulanis
2237 797 2320 881 in
2358 792 2469 878 fi-'

615 921 846 1006 nibus
885 925 1269 1012 Romanas
1312 923 1648 1008 colonias
1686 955 1849 1007 esse
1890 921 2264 1009 deductas
2292 992 2315 1032 ‚
2370 947 2453 1008 et

610 1047 745 1134 ubi
792 1053 1033 1140 velint
1072 1056 1457 1166 assignent
1492 1087 1621 1139 eas
1650 1079 1951 1168 praeter
1976 1053 2453 1144 Florentiam

610 1179 980 1278 Romanis
1035 1191 1552 1297 congruentes
1610 1186 2118 1294 nominibus,
2182 1173 2452 1272 aedifi-

607 1311 750 1395 ciis
780 1378 804 1421 ,
845 1335 1084 1434 atque
1125 1315 1356 1424 notis,
1381 1339 1458 1400 et
1488 1317 1745 1400 Marte
1790 1314 2168 1430 praeside,
2210 1345 2453 1433 quem

575 1441 751 1540 ‚iste
793 1445 1137 1562 populns
1177 1446 1256 1530 in
1297 1443 1436 1530 illo
1493 1444 1933 1558 gentilitatis
2000 1474 2258 1528 errore
2330 1475 2452 1527 re—

479 1597 496 1660 .·
608 1561 881 1682 ligiose
946 1570 1294 1660 colebat.
1352 1571 1599 1685 Quod
1666 1602 1848 1661 cum
1912 1571 2166 1658 facere
2231 1570 2455 1654 nullo

611 1696 857 1783 modo
897 1701 1247 1826 valeant,
1311 1701 1597 1788 famam
1664 1725 2093 1819 sequantur
2156 1721 2277 1815 tot
2334 1702 2451 1785 vi÷

611 1848 926 1938 gentem
965 1829 1293 1937 seculis,
1360 1855 1438 1916 et
1498 1861 1673 1916 rem
1742 1832 2270 1941 notissimam,
2336 1853 2453 1916 tot

609 1951 884 2077 suitam
923 1953 1452 2069 adminiculis,
1488 1990 1635 2044 oro
1679 1991 1836 2044 non
1903 1983 2185 2072 negent
2213 2025 2237 2065 ,
2302 1987 2452 2042 nec
2516 1980 2519 1983 ·

611 2111 879 2174 contra
919 2087 1328 2173 Ciceronis
1390 2090 1855 2175 sententiam
1918 2089 2443 2196 arbitrentur,

611 2239 692 2300 et
730 2214 996 2302 dicant
1022 2282 1047 2325 ,
1086 2216 1282 2304 viles
1322 2217 1825 2304 illosmilites
1856 2285 1878 2326 ‚
1919 2217 2443 2332 agricolasque

606 2345 1067 2461 fuisse3sed
1107 2380 1291 2445 cum
1335 2376 1591 2437 tantus
1657 2376 1927 2435 auctor
1991 2349 2199 2436 cives
2266 2349 2443 2433 illos

605 2482 1004 2592 optimos,
1069 2504 1146 2564 et
1212 2480 1671 2567 fortissimos
1732 2482 1897 2565 'esse
1966 2478 2217 2591 dicat,
2257 2509 2442 2565 cnm
2561 2536 2569 2543 ·
2700 2470 2717 2482 ’

606 2610 780 2723 ipso
815 2611 1150 2695 sentiant
1188 2608 1325 2720 id‘,
1369 2612 1586 2729 quod
1632 2610 1913 2710 decet,
1977 2633 2057 2692 et
2123 2602 2437 2693 audiant

607 2736 810 2857 quid
863 2763 1226 2855 sequatur
1255 2805 1275 2826 .
1315 2738 1657 2846 subdit,
1698 2739 1945 2845 enim,
2000 2734 2453 2823 immediate

605 2892 784 2983 post
822 2867 978 2977 illa,
1018 2897 1220 2984 quae
1261 2870 1612 2982 proxime
1656 2854 1921 2952 retuli':
1956 2866 2133 2956 Sed
2155 2883 2447 2951 tamen

605 2998 702 3083 hi
735 3014 932 3083 sunt
973 2997 1296 3102 coloni,
1329 2990 1609 3110 'quise
1647 2999 2142 3115 insperatis,
2178 3025 2445 3117 ⁸‹ze-re-

596 3130 980 3245 pentinis
1012 3130 1394 3241 pecuniis
1433 3121 2055 3239 sumptuosinsJ
2091 3125 2448 3208 insolen-

606 3262 931 3379 tiusque
971 3259 1401 3343 iactat-unt
1427 3295 1469 3363 ,-
1513 3258 1604 3342 kz·
1664 3254 1875 3341 dum
1940 3250 2393 3365 aedffi'cant
2424 3316 2449 3355 ,

603 3406 1039 3505 tamquam
1077 3391 1352 3485 beati,
1391 3387 1599 3473 dum
1630 3383 2009 3502 praediis
2036 3386 2446 3491 ,'lecticis,

571 3518 964 3636 familiis
1003 3522 1364 3633 magnis,
1391 3522 1789 3609 conviviis
1830 3518 2261 3629 apparatis
2301 3508 2446 3594 de-

602 3648 1026 3738 lec-tantur·
1051 3714 1074 3757 ,
1116 3652 1207 3733 in
1248 3666 1583 3734 tantum
1623 3678 1765 3732 aes
1806 3648 2180 3756 alienum
2239 3642 2445 3723 inci-
2552 3654 2555 3659 ’

599 3780 950 3887 derunt,
1017 3799 1153 3890 ut,
1221 3784 1294 3866 .ςί
1355 3781 1565 3865 salvi
1608 3809 1780 3864 esse
1834 3776 2145 3882 velint,
2205 3770 2456 3890 Sylla
