2981 4742
2135 368 2294 488 145

532 531 827 645 patriae
868 523 1469 611 defendendum
1505 594 1527 632 ,
1564 523 1889 612 liberam
1953 527 2366 641 possessio·

514 692 695 745 nem
743 658 1057 764 ltaliae,
1098 682 1337 775 atque
1377 656 1591 740 orbis
1630 682 1881 741 terrae
1933 656 2362 771 imperinm

518 791 1052 899 pollicentur3
1092 810 1180 870 ut
1232 810 1479 870 stante
1551 787 1982 871 verborum
2024 808 2360 871 tuorum

518 918 663 1003 hae
705 918 1099 1003 verissima
1131 985 1153 1024 ‚
1192 903 1414 1032 quod
1457 939 1537 999 et
1577 946 1722 1029 ego
1759 914 2051 1024 fateor,
2089 915 2362 1020 ironia,

516 1079 665 1131 neo
704 1076 886 1132 vera
929 1048 1085 1129 sint
1112 1112 1137 1150 ,
1178 1076 1327 1135 nec
1370 1044 1860 1157 verisimilia,
1903 1076 2107 1165 quae
2146 1070 2370 1159 prae-

508 1178 755 1260 mittis
780 1236 803 1261 .
838 1175 1315 1261 Concedere
1380 1176 1724 1261 solemus
1752 1241 1778 1286 ‚
1817 1200 1898 1262 et
1938 1204 2360 1291 possumus

511 1338 717 1425 qnae
786 1331 972 1390 sunt
1014 1308 1095 1390 in
1140 1330 1396 1392 nostra
1473 1332 1854 1421 potestate
1881 1376 1906 1417 ,
1971 1307 2154 1395 lieet
2217 1306 2356 1391 ali-

513 1434 840 1547 qnando
878 1434 1311 1521 defendere
1353 1467 1841 1554 nequeamus
1866 1505 1891 1546 ,
1931 1461 2022 1524 ut
2087 1461 2372 1553 poten-

425 1652 429 1656 ,
520 1566 742 1649 tioris
821 1565 1407 1677 interpositione
1490 1598 1866 1681 personae
1947 1562 2220 1656 saltem
2286 1566 2372 1649 in

515 1694 757 1779 hostis
802 1693 1247 1781 deveniant
1314 1695 1707 1780 ditionem
1738 1762 1758 1782 .
1826 1696 2036 1807 Quis
2099 1717 2372 1779 antem

514 1826 660 1908 nisi
700 1823 986 1909 stultns
1026 1855 1212 1911 cum
1257 1824 1359 1909 de
1397 1856 1721 1911 suarum
1763 1856 2030 1910 rerum
2097 1822 2377 1907 defen-

512 1954 731 2037 sione
774 1946 1138 2063 laboret,
1181 1956 1471 2039 maiora
1502 1948 1770 2072 ‚qnae
1809 1984 1944 2040 sna
1989 1984 2148 2039 non
2189 1954 2374 2058 sint,

516 2108 666 2167 nec
704 2082 809 2165 ab
844 2084 1014 2165 eins
1056 2082 1450 2193 pendeant
1493 2108 1872 2197 potestate
1901 2150 1924 2191 ‚
1989 2081 2190 2167 solet
2255 2078 2376 2163 of-

510 2210 777 2295 ferre?
813 2210 1036 2295 Talis
1076 2234 1339 2295 autem
1370 2279 1391 2315 ‚
1432 2238 1511 2296 et
1555 2236 1713 2298 tam
1758 2243 2004 2297 vanus
2069 2208 2374 2293 oblator

523 2338 739 2453 apud
767 2368 994 2457 quos,
1024 2342 1164 2425 nisi
1192 2341 1713 2450 stultissimos,
1743 2344 2127 2426 inveniret
2153 2334 2382 2423 andi-0

532 2495 709 2555 tum
736 2471 777 2554 ἱ)
812 2471 971 2557 Sed
1012 2472 1419 2556 veniamus
1458 2473 1562 2556 ad
1603 2473 1902 2587 reliqua
1933 2536 1952 2556 .
2077 2527 2088 2536 -
2147 2471 2154 2475 ’

636 2601 845 2694 Non
910 2631 1098 2686 sum
1162 2596 1469 2686 dubius
1500 2666 1525 2706 ‚
1586 2601 1905 2716 inquis;
1974 2595 2093 2680 ad
2169 2597 2376 2682 haee

524 2733 811 2814 omnia
850 2733 1241 2843 benigna,
1266 2747 1363 2816 'et
1399 2745 1654 2844 grata
1695 2751 2085 2842 responsa
2126 2733 2380 2813 susei-

520 2865 777 2972 piunt
807 2899 833 2945 .-
914 2863 1139 2976 Regi
1212 2865 1579 2945 salutem-
1666 2851 2130 2944 amicorum
2208 2886 2380 2940 esse

530 2988 778 3075 cordi
803 3057 825 3097 ,
865 3011 946 3075 et
966 2988 1333 3101 foedera
1374 3019 1644 3102 nuper
1681 2996 1852 3076 icta
1896 2994 2379 3091 memoriae,

538 3122 748 3204 hono
787 3151 873 3206 se
910 3120 1099 3204 illos
1138 3124 1422 3204 animo
1460 3121 1637 3204 e'sse
1696 3122 1978 3203 iubere
2007 3183 2030 3223 ‚
2073 3123 2382 3232 nequa·-

539 3279 795 3363 quam
834 3279 1123 3334 eorum
1164 3254 1642 3333 necessitati
1682 3253 2214 3333 maiestatem
2253 3275 2382 3328 re-

537 3385 771 3490 giam
812 3377 1305 3494 defuturam
1337 3441 1355 3462 .
1398 3380 1512 3463 Et
1531 3377 1922 3488 fortasse
1987 3408 2178 3460 cum
2247 3406 2384 3456 arn

544 3511 799 3594 matis
843 3507 1304 3624 legionibus
1366 3515 1689 3622 egeatis
1719 3574 1742 3614 ‚
1775 3514 2016 3620 prius
2062 3535 2218 3616 pro
2258 3537 2384 3588 ve-

538 3653 721 3718 stra
759 3637 1031 3722 salute
1070 3635 1768 3736 intercedendum
1789 3653 2134 3749 putant,
2163 3629 2387 3746 quod

472 3841 487 3856 .
542 3767 915 3855 etiamsi
954 3771 1419 3882 impetretis
1446 3831 1471 3875 ‚
1513 3785 1635 3853 est
1676 3773 2189 3852 maximum.
2233 3765 2384 3847 In*

1867 3923 1966 3982 10
