2981 4742
741 344 911 450 >44

727 483 970 568 aliena
1017 481 1353 597 'pendeat
1423 482 1862 596 potestate?
1930 483 2083 566 Dic
2111 547 2131 585 ,
2168 477 2587 589 obsecro,

728 614 850 694 vel
895 616 973 698 in
1021 612 1808 726 medium‘proferaffi
1850 641 2235 728 quosnam
2282 610 2573 722 princi-

727 773 863 854 pes
902 744 1008 826 ob
1051 743 1196 828 hoc
1235 743 1633 827 adivimus
1660 809 1683 848 ‚
1757 743 1875 826 vel
1952 743 2087 825 ubi
2145 769 2384 853 super
2424 738 2581 824 hoc

731 869 1225 990 colloquium
1259 873 1713 958 Commune
1760 899 2117 956 nostrum
2146 873 2425 979 tenuit,
2452 895 2593 958 aut

740 1005 1210 1104 tractatum?
1251 1003 1432 1088 Non
1482 1014 1809 1115 possunt
1853 1004 2039 1088 haec
2068 1031 2319 1109 ‚cum
2360 1033 2399 1084 a
2442 1031 2591 1114 po-

737 1156 1008 1217 testate
1053 1158 1311 1218 nostra
1357 1165 1513 1282 uon
1558 1134 1945 1245 pendeant
1980 1205 2001 1238 ,
2042 1163 2083 1216 a
2130 1131 2355 1215 nobis
2400 1132 2595 1249 *inci-⁸

641 1350 648 1360 ¹
732 1266 864 1376 pi.
909 1262 1428 1372 Ridiculum,
1467 1264 1717 1346 immo
1780 1261 2165 1363 stultum,
2208 1285 2286 1345 et
2356 1261 2591 1352 inane

741 1393 1018 1499 nimis,
1049 1395 1294 1478 immo
1338 1415 1651 1506 prorsus
1679 1415 1757 1474 et
1790 1391 2265 1506 impossibile
2290 1388 2531 1494 foret,
2558 1422 2603 1482 a

740 1522 994 1630 nobis,
1019 1555 1224 1641 quae
1257 1518 1510 1608 facere
1554 1553 1709 1608 non
1744 1553 2187 1638 possumne,
2217 1518 2599 1608 inchoari.

741 1653 972 1764 Quae
1015 1684 1199 1737 cum
1243 1655 1342 1738 ita
1387 1657 1543 1739 sint
1570 1656 1831 1772 ,quid
1876 1657 2255 1736 immoror
2294 1645 2601 1732 diutius

729 1812 973 1894 super
1015 1783 1188 1869 hoc
1191 1785 1472 1902 ,quod
1545 1817 1860 1901 prorsus
1928 1813 2071 1866 nec
2136 1779 2588 1894 persuaderi

739 1937 1030 2023 potest,
1069 1945 1252 1999 cum
1299 1947 1456 1998 non
1500 1920 1597 2000 sit
1644 1914 2122 2020 verisimile,
2198 1941 2351 2008 nec
2426 1941 2607 2025 pro·

743 2041 908 2125 bari
945 2107 968 2149 ,
1007 2074 1190 2128 cum
1231 2047 1445 2129 omni
1489 2071 1746 2130 careat
1786 2045 2171 2129 veritate?
2212 2042 2384 2129 Nec
2439 2063 2579 2126 no·

751 2170 868 2254 bis
897 2172 1220 2257 obiicias
1251 2173 1577 2283 bellum,-
1622 2172 1841 2292 quod
1885 2196 2153 2258 contra
2192 2168 2585 2288 quosdam

743 2303 1116 2389 officiales
1155 2307 1479 2392 Sanctae
1520 2306 1797 2391 Matris
1836 2301 2265 2409 Ecclesiae,
2291 2304 2431 2416 qui
2474 2302 2585 2386 sic

487 2446 492 2451 ’
623 2462 630 2467 ·
743 2458 980 2519 terras
1020 2436 1132 2521 eis
1196 2438 1277 2521 in
1351 2430 1561 2521 ltalia
1628 2437 2077 2523 commissas
2146 2431 2599 2547 pessumdaf-

740 2564 983 2689 bant,
1022 2567 1244 2685 quod
1288 2568 1652 2653 subditos
1719 2565 2133 2653 miserabili
2202 2564 2585 2647 servitute

747 2724 1192 2807 prementes
1222 2770 1244 2809 ‚
1286 2726 1367 2785 et
1435 2726 1775 2785 nostram
1808 2766 1831 2806 ‚
1872 2722 1950 2781 et
1990 2696 2323 2781 aliorum
2392 2694 2596 2805 cogi-

745 2848 1001 2911 tarent
1037 2819 1495 2942 extinguere
1532 2829 2016 2937 libertatem,
2044 2826 2602 2919 Florentinum

745 2954 1138 3070 populum
1211 2962 1609 3075 suscipere
1686 2959 1841 3045 fuit
1924 2988 2281 3045 necesse.
2350 2953 2551 3042 Satis
2580 3018 2607 3063 ,

743 3086 1013 3193 enim,
1075 3085 1204 3170 illa
1271 3118 1501 3173 causa
1572 3120 1714 3200 per
1783 3088 2143 3193 Italiam,
2171 3110 2263 3172 et
2326 3085 2589 3169 omnia

753 3212 1357 3311 Christianitatis
1397 3249 1628 3328 regna
1668 3216 2039 3304 ventilata
2079 3216 2281 3320 fuit,
2289 3236 2456 3323 et,
2500 3236 2596 3299 ut

708 3374 910 3459 per
928 3346 1296 3433 effectum
1339 3352 1645 3463 patuit,
1688 3350 2099 3433 universus
2138 3346 2349 3432 orbis
2391 3374 2607 3432 com·
2722 3333 2727 3337 ’

751 3475 1182 3585 mendavit,
1209 3482 1300 3563 'et
1341 3468 1541 3566 vidit
1567 3477 1856 3595 ‘populi
1898 3481 2146 3568 nostri
2191 3476 2610 3586 iustitiam,

747 3631 826 3691 et
891 3605 1095 3692 illud
1167 3642 1326 3695 non
1396 3612 1480 3695 in
1549 3613 1875 3724 exitium
1943 3615 2267 3699 Sanctae
2334 3606 2611 3701 Matris

753 3736 1160 3825 Ecclesiae
1189 3806 1211 3847 ‚
1250 3743 1388 3825 sed
1431 3742 1513 3827 in
1554 3766 1862 3828 nostrae
1906 3738 2286 3827 libertatis
2325 3733 2598 3825 defen-
