2981 4742
324 500 337 513 ο
411 534 419 543 ’
540 548 621 614 et
684 524 1043 613 inclitum
1108 523 1650 613 Marchionem
1721 527 2196 639 Estensem,
2233 532 2376 648 qui

2207 371 2332 477 ‘85

541 658 691 743 sibi
732 656 1061 744 demens
1100 654 1548 747 adhaeserat
1575 724 1597 763 ‚
1637 657 1740 744 ab
1775 684 1882 742 ‘eo
1910 658 2180 745 eontra
2212 656 2380 745 foe*
2473 652 2483 665 ⁸

542 788 726 873 dera
768 786 1228 872 derelictum
1258 854 1282 894 ‚
1322 810 1401 871 et
1440 787 1767 873 ardente
1807 787 1993 874 belli
2036 789 2378 899 turbine,

539 916 644 1001 de
682 942 883 1001 statu
930 916 1252 1029 proprio
1292 915 1775 1000 laborantem
1803 984 1827 1024 ‚
1873 949 2014 1002 nos
2057 918 2204 1005 sibi
2247 952 2369 1005 so-

542 1051 755 1133 cium
797 1046 1178 1132 ademisse
1206 1112 1229 1151 ,
1268 1046 1568 1162 quique
1605 1078 1870 1131 secum
1913 1044 2186 1132 contra
2225 1066 2370 1135 nos

538 1177 835 1264 bellum
868 1176 1108 1262 hostis
1138 1198 1395 1260 noster
1423 1177 1899 1290 incoeperat,
1935 1179 2384 1289 nobiscum,

534 1332 612 1392 et
656 1340 802 1423 pro
840 1332 1059 1422 parte
1103 1331 1357 1389 nostra
1388 1306 1774 1422 'nondum
1817 1312 2044 1392 et‘iam
2111 1309 2374 1394 socius

539 1436 860 1523 foedera
892 1436 1097 1554 pacis
1123 1436 1367 1522 in‘ivit.
1388 1434 1694 1521 Scimus
1723 1466 1932 1543 eum,
1959 1468 2140 1521 cnm
2173 1437 2382 1521 inter

540 1564 866 1651 Lolium
934 1588 1009 1650 et
1051 1562 1419 1649 Abduam
1486 1564 1872 1651 invictum
1948 1569 2384 1654 exercitum
2467 1674 2476 1683 .

546 1718 932 1802 nostrum,
969 1688 1163 1777 fines
1204 1717 1635 1805 vastantem
1665 1727 1884 1802 suna,
1928 1725 2215 1809 magno
2245 1726 2380 1809 pe-

543 1821 794 1908 riculo
822 1890 844 1926 ‚
885 1830 1254 1941 gravique
1320 1824 1545 1910 clade
1612 1824 2125 1909 substinuerit
2167 1822 2384 1911 ultra

544 1946 897 2038 mensem
939 1952 1071 2039 vix
1110 1979 1289 2039 octo
1354 1953 1697 2061 diebus,
1764 1948 2194 2039 extremam
2257 1985 2381 2039 so-

550 2085 854 2168 ciorum
900 2086 1341 2167 nostrornm
1382 2114 1601 2169 oram
1646 2082 2388 2169 tumidis‘armenia-

546 2244 633 2298 ca
682 2214 1006 2297 victoria
1073 2215 1318 2327 copiis
1384 2215 1756 2299 insedisse
1783 2280 1809 2321 ,
1852 2212 2340 2330 tandemque
2367 2279 2394 2323 ‚

545 2343 747 2428 sicut
788 2365 1063 2428 notum
1106 2366 1219 2428 est
1250 2411 1274 2451 ‚
1313 2346 1593 2429 amisso
1635 2345 1988 2458 peditatu
2018 2407 2041 2450 ,
2081 2338 2395 2456 magna?

520 2502 708 2588 que
747 2472 1129 2558 exercitus
1168 2475 1291 2556 sui
1334 2500 1574 2585 parte,
1615 2507 1772 2559 non
1817 2471 2218 2557 recessisse
2255 2503 2382 2558 so·

546 2599 1009 2708 lummodo,
1037 2600 1174 2684 sed
1214 2600 1544 2713 fugisse,
1584 2634 1736 2719 qua
1776 2602 2107 2720 quidem
2146 2600 2376 2690 clade

554 2730 797 2816 millia
842 2729 1249 2814 hominnm
1292 2733 1718 2844 perierunt.
1761 2734 2072 2819 Scimus
2111 2732 2214 2819 ab
2251 2733 2384 2821 illa

546 2857 723 2972 fuga
767 2849 1065 2948 vietum
1105 2854 1333 2943 ilium
1398 2859 1568 2942 eius
1633 2861 2068 2947 exercitum
2108 2863 2212 2946 ad
2251 2861 2391 2950 de·
2469 2957 2474 2962 ,

540 3014 790 3075 xtram
837 2990 1031 3075 Arni
1074 2988 1324 3101 ripam
1364 2990 1445 3074 in
1492 2990 1950 3076 Pisanornm
1989 2997 2191 3111 agris
2249 2990 2389 3080 ha-

536 3117 796 3204 buisse
837 3105 1076 3202 castra
1116 3119 1490 3202 continua
1523 3188 1546 3226 ‚
1588 3150 1736 3206 nec
1777 3150 2132 3242 unquam
2187 3117 2392 3209 fines

504 3267 845 3330 'nostros
874 3311 897 3352 ‚
974 3275 1163 3330 cum
1244 3242 1645 3336 bellaciter
1711 3252 2180 3338 Senensium
2209 3318 2233 3360 ,
2297 3275 2400 3341 et

538 3375 1103 3462 Perusinorum
1182 3379 1564 3464 territoria
1630 3378 2111 3499 quotidianis
2161 3381 2415 3466 ‘inu-²

527 3501 951 3635 'ptionib‘us
990 3527 1496 3620 quateremus
1524 3575 1547 3616 ‚
1587 3540 1817 3596 ausos
1856 3509 2144 3594 intrare
2171 3572 2194 3597 .
2233 3506 2398 3634 Sed

484 3648 515 3674 ²
539 3645 967 3751 antequam
1010 3633 1193 3723 hinc
1214 3637 1717 3726 ‘discedentes
1744 3637 2082 3724 ulterius
2120 3666 2396 3754 proce-

540 3761 824 3853 damus
849 3831 877 3879 ,
914 3765 1047 3855 dic
1072 3833 1101 3878 ,
1142 3765 1474 3857 obsecro
1498 3834 1524 3880 ,
1565 3769 1687 3856 vir
1749 3767 2091 3858 oratorie
2115 3833 2144 3881 ,
2207 3766 2386 3888 qui-
2447 3802 2453 3812 ·
