2981 4742
483 312 488 316 ·
591 313 743 372 -vm

531 446 744 535 se'm,
771 428 1226 517 Rhetorem
1257 431 1934 539 celeberrimum,
1972 438 2376 535 asseruit,

534 556 678 642 sed
720 581 1027 646 tantum
1070 561 1224 646 Dei
1261 559 1551 672 digito,
1594 587 1670 646 et
1728 563 2085 674 ingenio,
2150 564 2374 688 quod

529 682 726 768 mihi
765 685 1128 774 dederat.
1161 689 1335 778 Sed
1361 721 1530 774 non
1572 695 1837 776 multo
1869 713 2056 804 post
2092 673 2375 779 huius-

498 813 762 900 ·modi
823 818 1164 904 Artium
1223 817 1531 908 studiis
1565 819 1901 934 penitus
1982 825 2361 927 omissis,

528 961 626 1026 ut
687 950 957 1066 patris
1037 948 1453 1034 voluntati
1530 953 2145 1066 suffragaretur
2184 1016 2207 1057 ,
2290 973 2372 1038 et
2482 990 2488 1000 ·

415 1167 422 1176 ,
527 1079 995 1163 amicorum
1079 1079 1448 1162 consiliis
1526 1082 2107 1193 obsequeretur
2134 1143 2157 1185 ,
2241 1085 2368 1165 in-

527 1210 745 1291 vitus
781 1206 907 1292 ad
940 1210 1524 1294 Romanorum
1564 1207 1787 1323 leges
1829 1239 1917 1292 se
1956 1208 2310 1321 eontulit
2336 1273 2358 1296 .

522 1344 680 1422 Ast
723 1340 816 1421 in
855 1319 1265 1422 hae'iuris
1345 1340 1829 1450 cognitione
1896 1333 2360 1451 parumper

397 1469 402 1473 ’
527 1467 1030 1550 immoratus
1068 1484 1217 1571 est,
1244 1467 1645 1582 quoniam
1684 1460 1805 1548 ad
1844 1469 2306 1550 oratoriam
2339 1532 2363 1573 ,

527 1611 612 1677 et
642 1598 1065 1706 poetieam
1099 1611 1404 1706 suapte
1440 1611 1781 1699 natura,
1820 1611 1903 1677 et
1930 1598 2354 1682 continuis

527 1719 1036 1838 quibusdam
1058 1724 1425 1808 stimulis
1457 1702 1926 1860 agebatur,
1966 1741 2051 1806 et
2088 1727 2181 1807 in
2222 1753 2365 1812 eas

522 1879 883 1957 amore,
887 1879 988 1934 ao
1018 1856 1573 1964 propensione
1610 1855 1867 1967 usque
1917 1848 2129 1937 adeo
2194 1853 2359 1966 fla-

520 1983 886 2094 grabat‚
923 1998 1087 2088 ut,·
1136 1985 1434 2066 ceteris
1490 1983 2167 2092 praetermissis,
2205 1981 2357 2070 has

521 2106 985 2195 dumtaxat
1015 2110 1504 2218 facultates
1580 2104 2110 2195 adamaverit
2146 2173 2172 2216 ,
2250 2140 2355 2196 ae

517 2235 1109 2325 tantummodo
1148 2239 1641 2340 retinuerit,·
1678 2238 1968 2352 quibus
2007 2234 2353 2350 quidem

515 2370 610 2452 in
654 2369 899 2455 rebus
964 2385 1378 2484 quantum
1444 2360 1732 2451 laudis
1756 2429 1781 2471 ‚
1832 2351 1942 2451 'et
2021 2365 2349 2481 gloriae

507 2516 1054 2611 consequutus
1081 2500 1218 2605 sit,
1257 2501 1405 2585 vix
1443 2498 1821 2609 exprimi
1848 2512 2122 2607 potest
2152 2558 2172 2581 .
2191 2500 2347 2597 Si-

518 2622 862 2742 quidem
904 2632 1228 2712 eunetis
1269 2639 1625 2727 naturae
1666 2629 2147 2711 muneribus
2210 2654 2341 2708 or-

508 2752 782 2858 natus,
800 2770 1139 2838 tantam
1174 2754 1528 2865 'legendi
1552 2817 1597 2859 ‚.
1617 2766 1697 2839 et
1726 2748 2183 2865 exereendi
2206 2757 2340 2835 sui

503 2874 1056 2997 ‚diligentiam
1096 2878 1502 2985 abhibuit,
1530 2898 1625 2963 ut
1654 2898 1734 2965 et
1787 2886 2085 2967 ceteris
2137 2911 2339 2967 suae

501 3017 811 3101 aetatis
850 3016 1050 3099 viris
1069 3012 1348 3129 facile
1380 3015 1923 3124 praestitisse,
1964 3030 2046 3096 et
2087 3014 2333 3130 quasi
2354 3090 2363 3103 .

504 3140 628 3227 ad
663 3172 764 3227 ea
803 3157 1054 3227 natus
1091 3137 1740 3227 esse'vz'deretur
1764 3202 1782 3222 .
1837 3141 2089 3223 Hane
2151 3171 2337 3224 rem

503 3257 928 3393 testantur
918 3269 1203 3387 plura
1256 3262 1699 3357 literarum
1756 3289 2335 3374 monumenta,

505 3398 742 3515 quae
762 3403 854 3485 in
914 3417 1274 3520 utraque
1309 3394 1783 3529 faeultate
1808 3406 2163 3510 posteris
2229 3398 2340 3481 le-
2364 3406 2369 3414 “

501 3524 792 3642 gelida
818 3530 1191 3647 rel1q3nt,
1207 3559 1578 3647 quaeque
1605 3528 2109 3639 singillatim
2137 3556 2342 3609 enu-

494 3678 938 3749 merantur
962 3693 1019 3749 a
1033 3660 1620 3775 praelaudatis
1650 3654 2343 3762 viris‚Laurentio
