2981 4742
774 324 948 409 108·

696 490 881 543 snae
920 454 1383 547 defensionis
1422 454 2047 569 anxii‘oppoessis
2087 450 2314 542 sociis
2337 455 2522 540 snb·

703 591 969 673 venire
995 655 1019 696 ,
1058 592 1261 675 sicut
1300 572 1486 699 olith
1530 585 1812 695 patuit,
1837 587 2348 672 subventione
2373 588 2528 669 Bo-

689 718 1194 801 noniensintn
1236 717 1493 829 primo
1534 712 1744 798 bello
1775 779 1797 820 ,
1835 738 1914 801 et
1953 716 2152 801 sient
2195 717 2522 800 effectus

683 842 958 929 docuit
1001 844 1147 929 hoc
1184 841 1534 927 secundo
1561 904 1580 926 .
1621 843 1842 929 Talia
1883 841 2209 959 quidem
2239 843 2520 925 auxilia

683 1000 823 1082 per
865 1002 1005 1057 nos
1035 1038 1060 1080 ‚
1093 995 1171 1055 et
1212 968 1399 1059 alios
1439 970 1662 1053 missa
1701 994 1885 1055 sunt
1947 970 2047 1053 ad
2105 971 2523 1053 dominum

684 1102 1238 1205 Mantuannm,
1275 1097 1498 1215 qnod
1538 1096 1714 1184 fuso
1749 1098 1975 1183 ducis
2012 1102 2388 1205 exercitu,
2428 1130 2520 1184 ac

682 1233 926 1339 copiis
964 1230 1331 1315 omnibus
1371 1224 1786 1342 profligatis
1813 1297 1837 1336 ,
1875 1231 1934 1313 si
1978 1253 2274 1314 ceterae
2343 1260 2524 1340 gen·

683 1380 801 1444 tes
828 1425 850 1464 ,
889 1360 1089 1445 sicut
1127 1355 1433 1443 nostrae
1460 1425 1484 1464 ,
1527 1360 1845 1443 victoria
1890 1358 2315 1444 voluissent
2359 1361 2515 1466 uti,

683 1516 845 1571 non
875 1486 1057 1587 frui,
1083 1518 1644 1605 successusque
1685 1519 1956 1601 urgere
1993 1472 2460 1573 communes
2491 1554 2516 1597 ,

684 1639 842 1701 tam
886 1616 1289 1702 modicum
1357 1618 1872 1733 reliquiarum
1936 1619 2206 1703 fnisset
2235 1686 2258 1726 ,
2298 1616 2524 1735 qnod

687 1775 873 1860 pace
916 1749 1289 1833 tutissima
1322 1748 1470 1835 Dei
1501 1751 1732 1860 gratia
1771 1747 2254 1835 laetaremur.
2281 1750 2524 1851 Nunc

682 1901 939 1961 autem
982 1880 1355 1995 quoniam
1398 1875 1668 1961 ultima
1707 1906 1883 1991 pars
1922 1875 2353 1992 maliloquii
2397 1877 2514 1960 tui

682 2030 916 2091 restat
947 2036 981 2112 ,·
1010 2004 1421 2091 residuum
1462 2029 1724 2090 totum
1761 2006 1990 2091 simul
2021 2007 2516 2093 continenter

684 2136 769 2219 in
806 2137 1317 2253 sequentibus
1356 2132 1886 2219 describemus
1914 2198 1936 2219 .

796 2267 998 2355 Nisi
1026 2266 1291 2379 ,forte
1347 2256 1589 2351 'vobis
1636 2263 2106 2373 ferocior-es
2171 2267 2498 2348 animos

644 2393 897 2506 facit
935 2397 1479 2486 Gallicanum
1508 2391 1814 2501 foedus
1841 2456 1864 2478 .
1905 2383 2187 2482 Miror
2225 2400 2316 2479 in
2345 2393 2518 2477 Ito-¹

684 2529 1043 2612 minibus
1071 2590 1094 2633 ,
1134 2530 1278 2642 qui
1315 2557 1401 2612 se
1463 2523 1752 2612 haberi
1811 2525 2096 2610 volunt
2163 2544 2245 2610 et
2307 2557 2504 2636 pru-

682 2651 973 2738 dentes
1006 2720 1029 2760 ‚
1072 2647 1177 2740 'et
1241 2653 1643 2759 callidos,
1708 2670 2042 2738 tantam
2112 2654 2518 2740 insedisse

680 2778 1191 2868 dementiam
1209 2849 1231 2890 ‚
1270 2804 1363 2870 ut
1399 2815 1582 2897 spes
1608 2815 1894 2869 omnes
1921 2815 2109 2869 suas
2139 2787 2228 2868 in
2255 2805 2514 2900 gente

687 2912 1095 2998 levissima
1134 2903 1622 3003 collocarint
1638 2951 1682 3021 ,·
1721 2912 2075 2998 mii-aree·
2113 2919 2206 2998 in
2268 2918 2516 3003 Italis

682 3058 1010 3126 tantam
1043 3048 1672 3154 perversitatem
1711 3050 2091 3135 extitisse
2129 3065 2516 3150 naturae,

684 3191 775 3257 ut
804 3166 1203 3263 deGallis
1229 3176 1431 3258 bene
1458 3167 1792 3290 sper-bre
1809 3194 2167 3287 possent,
2184 3181 2352 3259 nisi
2371 3207 2508 3261 vos

682 3333 1131 3409 venenum,
1169 3333 1271 3388 ac
1290 3291 1627 3420 fhecem
1667 3306 2088 3391 Italorum
2127 3309 2301 3388 iam
2349 3303 2506 3419 diu
2609 3365 2616 3372 -

684 3436 1066 3519 inimicos
1129 3433 1421 3520 salutis
1501 3425 1818 3522 Italiae
1893 3440 2450 3550 cognovissem
2480 3500 2503 3522 .

635 3629 640 3635 ·
686 3561 865 3649 Sed
889 3594 1047 3676 per
1106 3565 1392 3677 Deum
1458 3564 2017 3651 immortalem
2081 3593 2268 3648 cum
2325 3565 2506 3675 pol-

680 3689 859 3778 lens
878 3756 901 3801 ,
941 3692 1312 3806 etjortis
1349 3700 1766 3783 exercitus
1805 3723 2110 3810 agrum
2135 3711 2502 3786 vestrum
