2981 4742
569 467 762 554 forte
829 477 1302 584 cot-‘ruptum
1375 492 1545 574 est,
1620 493 1698 552 et
1776 471 2005 554 scribi
2088 471 2371 563 debuit
2400 549 2423 588 ,

565 605 660 688 F
652 605 1088 704 lor-entia&
1132 603 1525 718 quodque
1564 604 1950 715 seqnitur,
2001 609 2427 716 profluen-

559 739 632 812 ti
674 739 907 816 Arno
954 739 1318 846 appositi
1343 795 1366 834 ‚
1411 759 1567 812 non
1614 732 1873 812 minus
1918 729 2247 820 librariis
2287 739 2423 824 da·

561 889 642 940 re
683 867 942 972 potuit
1007 859 1570 973 corrumpendi
1642 860 2099 965 materiam,
2162 895 2405 980 quam

553 991 908 1094 auctori,
979 990 1482 1106 profluentis
1566 985 2005 1094 vocabulo,
2046 992 2115 1073 ei
2186 998 2411 1110 quod

543 1122 1000 1236 fluentini
1040 1122 1393 1225 dixerat,
1433 1119 1842 1202 alludendi
1876 1185 1895 1206 .
1941 1120 2147 1205 Nam
2216 1155 2405 1212 cum

561 1251 766 1332 inter
789 1248 1180 1356 Africum,
1212 1251 1702 1354 Munionem,
1728 1275 1805 1332 et
1834 1247 2173 1361 Arnum,
2199 1255 2426 1344 aiios-

554 1407 716 1496 que
802 1401 1180 1463 torrentes
1209 1446 1234 1488 ,
1309 1379 1450 1496 qui
1532 1378 1685 1460 iam
1768 1359 2089 1464 extincti
2169 1411 2351 1470 suut
2378 1453 2405 1496 ,

554 1506 750 1590 haee
815 1510 1090 1593 civitas
1157 1510 1292 1594 sita
1371 1508 1667 1613 fuerit,
1732 1513 1859 1592 cui
1934 1516 2276 1622 mirum,
2340 1521 2403 1604 si

555 1639 1008 1724 Fluentia·
1053 1637 1307 1722 forsan
1375 1639 1476 1722 ab
1542 1637 1767 1722 initio
1833 1639 2037 1722 dicta
2104 1645 2254 1750 sit,
2318 1674 2401 1733 et

546 1769 770 1882 quod
816 1801 854 1850 a
899 1768 1188 1856 florum
1218 1771 1440 1882 eopia
1473 1769 1891 1854 maluerint
1920 1801 2091 1854 eam
2126 1782 2407 1884 posteri
2464 1829 2475 1840 ·

551 1901 1094 1984 florentiam
1140 1901 1531 2015 appellare
1561 1901 1599 1986 Ρ
1627 1897 1801 1984 Nec
1844 1925 2073 2011 putet
2118 1903 2405 2020 aliquis

544 2027 893 2112 Plinium
936 2029 1034 2114 de
1079 2031 1474 2114 Florentia
1550 2061 1703 2110 non
1774 2039 2093 2112 sensisse
2125 2095 2145 2117 .
2188 2034 2405 2120 Cum

539 2167 750 2244 enim
838 2161 1174 2248 dixisset.
1227 2164 1559 2247 Clusini
1640 2179 1949 2244 veteres
1980 2225 2003 2264 ,
2082 2163 2415 2250 Clusini

541 2300 732 2379 novi
761 2361 783 2403 ‚
826 2325 1009 2379 mox
1059 2293 1402 2400 adiecit,
1442 2293 1887 2401 Fluentiui
1940 2293 2411 2400 profluenti

535 2430 772 2509 Arno
838 2430 1205 2536 appositi
1247 2424 1703 2524 Faesulae,
1746 2444 1825 2503 et
1865 2442 2166 2529 cetera,
2195 2450 2401 2539 quae

535 2552 984 2639 subnectit.
1026 2552 1277 2666 Quod
1322 2551 1524 2636 adeo
1592 2578 1871 2632 verum
1940 2572 2106 2655 est,
2174 2554 2399 2668 quod

531 2681 768 2765 etiam
811 2681 1190 2767 auderem
1231 2678 1497 2765 dicere
1529 2744 1552 2783 ,
1593 2678 1731 2761 nisi
1773 2677 2051 2761 rationi
2096 2704 2401 2795 tempo.

530 2836 708 2895 rum
755 2812 1178 2897 Ptolemaei
1225 2831 1693 2924 repugnaret
1732 2806 2191 2915 auctoritas,
2233 2814 2393 2925 pri-

528 2968 750 3025 scum
797 2974 1090 3047 nomen
1135 2938 1337 3025 illud
1385 2940 1462 3021 in
1508 2935 1983 3059 Floreqtiam
2028 2968 2391 3027 commu·

526 3090 776 3151 tatum
810 3138 830 3171 ‚
873 3072 1208 3187 quando
1251 3100 1515 3153 mense
1587 3068 1948 3152 Ianuario
2010 3070 2429 3181 singulari‘

529 3197 677 3283 Dei
723 3201 1104 3285 miraculo
1144 3228 1452 3285 certum
1510 3222 1625 3281 est
1696 3200 2050 3307 ulmum,
2091 3198 2388 3283 effron-

522 3326 708 3413 dem
753 3332 850 3413 ad
899 3330 1162 3421 feretri
1199 3399 1220 3435 ‚
1265 3332 1384 3413 vei
1429 3328 1871 3439 sandapilae
1913 3352 2386 3435 contactum,

521 3484 722 3571 quae
827 3488 1112 3569 eorpus
1205 3459 1691 3547 sanctissimi
1788 3458 2033 3540 Patris
2138 3458 2379 3541 nostri

523 3586 858 3673 Zenobii
956 3590 1411 3675 continebat
1463 3653 1486 3692 ‚
1588 3584 1947 3669 floruisse
1993 3619 2016 3692 3
2099 3608 2191 3667 ut
2286 3616 2381 3671 ex

523 3741 712 3802 tunc
749 3750 892 3833 pro
921 3724 996 3809 F
1007 3726 1336 3809 luentia
1368 3721 1819 3805 Florentia
1850 3717 2203 3829 coeperit
2246 3744 2381 3797 vo·
2450 3725 2457 3734 ‘

1905 3850 1957 3933 3
