2981 4742
2066 335 2223 418 ¹09

451 448 902 555 populetur
927 509 951 550 ,
985 475 1176 530 cum
1233 465 1513 534 eastra
1580 445 1939 535 hostium
2006 453 2101 532 in
2164 481 2289 534 ve·

459 582 660 658 stris
667 577 990 684 finibus
1029 577 1400 662 habeatis
1428 641 1452 682 ,
1494 603 1685 660 cum
1722 581 1896 660 iam
1922 573 2281 689 denique

450 733 610 810 pro
648 710 890 789 tectis
917 770 940 811 ,
994 735 1094 790 ao
1161 709 1585 792 moenibus
1636 711 1975 816 patriae
2040 701 2291 790 dimi·

459 840 740 916 eatur-i
768 867 985 938 pene
1022 832 1130 921 de
1193 840 1453 921 muris
1506 865 1937 922 armorum
1994 841 2285 946 strepi-

450 979 636 1048 tum
654 969 1064 1068 sentiatis,
1085 965 1297 1079 quid
1318 964 1633 1051 auditis
1660 964 1771 1050 de
1794 964 2087 1083 Gallia
2122 965 2275 1048 illa

460 1092 1097 1204 Transalpina?
1133 1098 1681 1210 Afferuntur,
1734 1092 2023 1198 oredo,
2088 1123 2293 1208 quo-

453 1217 668 1304 tidie
710 1253 1104 1330 rumores,
1141 1257 1246 1310 ae
1283 1227 1644 1331 litterae,
1682 1229 1937 1328 cuius,
1964 1253 2287 1336 quaeso,

463 1359 926 1436 sententiae
951 1357 1004 1436 Ρ
1067 1355 1332 1468 legati
1390 1360 1715 1472 regiam
1744 1414 1767 1458 ,
1832 1378 2315 1469 regemque.

458 1480 946 1586 sollicitant,
978 1514 1220 1591 opem
1245 1512 1360 1568 ex
1353 1482 1723 1596 foedere
1746 1477 2119 1568 debitam
2152 1493 2289 1564 σιτ-ἑ
2354 1591 2359 1598 ⁵

464 1605 858 1696 dentibus
903 1631 1147 1723 peae-
1181 1617 1426 1702 rebus
1487 1615 1949 1726 implorant
1976 1676 2013 1716 ,.
2068 1642 2173 1696 ne
2232 1639 2289 1696 a

459 1743 789 1822 summo
826 1736 1025 1854 rege
1051 1806 1075 1847 ,
1141 1773 1384 1856 quem
1448 1748 1605 1830 sibi
1668 1772 1929 1829 unum
1996 1739 2307 1848 desem.

458 1896 765 1974 sorem,
805 1887 886 1957 et
925 1859 1388 1977 dominum,
1423 1893 1704 1986 spreto
1729 1875 2114 1975 Caesare,
2145 1899 2287 1954 ne-

456 1995 737 2108 glecta
775 2000 1162 2086 Romana
1201 2003 1609 2110 Ecclesia,
1642 2004 2309 2112 concupiverim„

389 2203 394 2208 .
438 2129 552 2206 -in
591 2143 858 2234 tanto,
899 2148 979 2214 et
1021 2148 1198 2216 tam
1235 2139 1699 2248 propinquo
1732 2129 2109 2243 periculo
2150 2119 2302 2212 ἄψ,

463 2271 884 2364 serantur,
927 2262 1510 2374 expostulant,
1548 2271 1641 2346 in
1678 2262 1939 2345 armis
1977 2257 2293 2340 hostem

441 2414 664 2489 esse,
697 2390 1253 2506 popularique
1317 2397 1494 2476 iam
1547 2392 1756 2495 fines
1821 2392 1998 2471 eius
2026 2448 2053 2488 ,
2116 2387 2305 2477 nisi.

343 2528 348 2533 “
459 2537 999 2604 succurratur
1024 2582 1051 2628 ,
1091 2526 1378 2607 omnia
1416 2523 1647 2606 brevi
1711 2545 1883 2601 esse
1945 2515 2313 2627 ruitura·

454 2644 936 2755 significant
959 2710 986 2753 ,
1023 2678 1215 2734 eum
1254 2681 1428 2735 esse
1464 2676 1752 2763 negem
1820 2646 1916 2727 in
1972 2644 2231 2729 terris
2265 2708 2291 2749 ,

455 2774 604 2885 qui
638 2772 900 2857 saluti·
929 2802 1126 2861 suae
1167 2779 1591 2863 consulere
1620 2775 1926 2887 possit;
1948 2786 2292 2883 praeter

452 2928 642 2982 eum
671 2907 1089 2989 neminem
1092 2911 1586 3013 ;.obsecrant
1612 2906 2298 3014 obtestanturque

381 3030 387 3034 ’
447 3056 606 3139 per
625 3036 1182 3129 sacratissimi
1199 3035 1711 3123 diadematis
1739 3033 2307 3137 maiestatem,

453 3188 564 3243 ne
601 3154 968 3243 desertos
1037 3190 1144 3247 ae
1209 3162 1651 3251 destitutos
1712 3157 2092 3247 ludibrio
2154 3157 2299 3247 de-

455 3282 620 3369 dat
661 3289 1035 3401 inimici,
1076 3294 1256 3379 eius
1305 3288 1643 3377 addunt
1708 3284 2089 3391 inimici,
2154 3294 2301 3405 qui

455 3417 576 3497 eis
614 3417 714 3498 ob
758 3412 912 3504 hoc
951 3425 1329 3515 maxime
1367 3419 1748 3530 infensus
1787 3417 1923 3516 sit,
1949 3410 2177 3527 quod
2210 3447 2299 3503 se

461 3558 547 3623 et
543 3542 977 3651 fortunas
990 3550 1639 3656 suas-maiestati
1660 3548 1947 3656 regiae
1971 3571 2299 3633 summa

465 3696 656 3753 cum
701 3669 1134 3763 devotione
1159 3678 1757 3765 commiserint.
1776 3671 2040 3763 Mris
2066 3670 2299 3762 dein-
