2981 4742
2145 359 2295 446 ¹77

271 503 278 512 '
456 498 461 503 “
540 477 716 563 tatis
754 456 1168 566 interitum
1227 472 1643 583 festinare3
1705 473 1840 561 dic
1907 500 2147 565 totam
2214 505 2366 560 ere·

533 631 742 693 ctam
785 605 1078 690 ltaliam
1123 602 1223 687 ad
1269 604 1815 716 spectaculum
1857 599 2381 711 nostrae'cala·

525 735 874 842 utitatis,
912 759 991 820 et
1060 733 1192 818 has
1244 735 1599 846 ineptias
1676 757 1847 819 tuas
1915 765 2101 818 cum
2166 737 2379 820 exitu

529 893 800 948 rerum
827 894 1216 976 compara.
1245 864 1488 977 Sique
1518 886 1821 946 tantum
1858 865 1995 948 tibi
2030 862 2377 977 prudeu-

529 995 679 1076 tiae
719 991 992 1098 datur,
1017 991 1288 1091 saltem
1321 991 1531 1076 disce
1561 1015 2016 1103 tammagna
2086 994 2375 1076 iactan-

535 1123 750 1207 tibus
791 1152 966 1206 raro
1005 1120 1400 1206 fortunam
1433 1187 1454 1228 ,
1496 1147 1578 1204 et
1619 1124 2181 1235 cogitationum
2222 1122 2378 1207 exi·

489 1291 494 1298 ·
537 1276 669 1334 tus
709 1253 1188 1364 respondere
1219 1317 1240 1355 ,
1284 1251 1612 1364 foreque
1653 1252 1957 1364 parcior
2012 1251 2093 1333 in
2160 1251 2381 1336 oblo-

545 1380 876 1496 quendo
917 1379 1180 1484 disce,
1223 1382 1280 1462 si
1340 1405 1595 1462 tamen
1667 1379 1957 1492 poteris
2020 1372 2377 1464 fraenum

552 1532 734 1600 tuae
788 1499 1338 1624 petulantiae,
1417 1539 1584 1623 quo
1662 1512 2015 1594 vanitatis
2077 1513 2377 1602 ,crimen

553 1639 868 1752 effugias
896 1705 918 1744 ‚
958 1638 1326 1726 adhibere
1360 1706 1376 1723 .
1421 1638 1671 1750 Quod
1710 1672 1775 1723 a:
1818 1658 1971 1722 tem
2040 1639 2237 1722 dicis
2302 1644 2380 1724 iu

547 1771 1060 1884 proverbium
1105 1798 1420 1853 versum
1460 1801 1678 1854 esse:
1726 1771 2077 1856 lealiam
2118 1775 2386 1886 sepul-

544 1918 781 1984 cru'm
821 1931 994 1986 esse
1033 1899 1529 2001 Gallorum,
1568 1929 1722 1982 non
1767 1928 1863 1982 ex
1925 1930 2021 1980 eo
2089 1897 2377 1984 factum

543 2053 658 2113 est
724 2027 946 2143 quod
1013 2029 1090 2110 iu
1169 2027 1382 2109 ltaiia
1463 2027 1753 2114 Gallici
1836 2009 2380 2140 periclitentur

423 2193 426 2198 ·
535 2161 970 2261 exercitus,
1011 2156 1230 2270 quod
1288 2155 1390 2237 de
1457 2156 1904 2241 Senonibus
1970 2157 2373 2272 quondam

531 2285 863 2397 legimus
894 2349 916 2390 ,
945 2308 1036 2366 et
1081 2298 1347 2395 nostro
1389 2308 1745 2395 tempore
1786 2285 2023 2368 semel
2070 2308 2379 2370 tantum

527 2416 796 2495 dicere
841 2442 1250 2527 possumus
1287 2415 1717 2523 ,contigisse
1748 2480 1771 2517 ,
1836 2415 2378 2529 rarissimeque

537 2527 830 2650 possit,
871 2542 933 2623 si
1005 2568 1407 2650 percurras
1473 2538 1824 2627 historias
1855 2608 1877 2645 ‚
1945 2544 2374 2631 recenseri.

533 2667 750 2755 Bella
793 2698 1135 2785 namque
1168 2737 1190 2777 ,
1227 2700 1429 2788 quae
1471 2700 1654 2755 cum
1684 2670 2099 2785 Cisalpiuis
2128 2672 2380 2759 Gallis
2413 2652 2424 2691 ἱ

533 2798 748 2883 fuere
793 2798 1161 2883 Romanis
1192 2866 1214 2907 ‚
1259 2830 1414 2882 nou
1485 2799 1845 2909 Gallio-‘ast‘
1904 2800 2067 2885 sed.
2116 2800 2374 2886 Italica

528 2928 683 3011 dici
728 2927 1024 3012 debent
1055 2993 1074 3014 .
1119 2928 1302 3012 Non
1350 2931 1839 3013 exercituum
1884 2929 2378 3041 periclitatio,

523 3056 748 3173 quod
787 3058 1260 3141 rarissimum
1307 3057 1452 3142 fuit
1482 3125 1506 3166 ,
1546 3058 1685 3141 sed
1728 3057 1870 3141 alia
1916 3056 2112 3141 ratio
2178 3058 2325 3144 fuit
2356 3129 2379 3170 ,

524 3218 730 3303 quae
771 3184 920 3270 tale
963 3186 1473 3299 proverbium
1516 3188 1922 3300 usurpavit
1954 3254 1973 3275 .
2043 3190 2369 3275 Etenim

526 3316 1014 3429 temporibus
1057 3318 1254 3399 m'eis-
1285 3340 1493 3425 erat,
1535 3318 1754 3433 quod
1800 3316 1995 3401 nulli
2040 3318 2373 3435 domini²
2494 3332 2499 3336 ’

523 3447 898 3563 nullaque
993 3449 1517 3533 communitas
1560 3446 1564 3451 ’
1611 3469 1875 3559 gentes
1968 3454 2373 3564 eq‘uestres

534 3576 768 3658 unius
807 3572 1376 3689 idiomatis-per
1417 3599 1659 3661 totam
1703 3574 2003 3660 Italiam
2068 3576 2170 3663 ad
2237 3582 2371 3663 sti-

529 3702 816 3815 pendia
854 3709 1318 3818 retinerent3
1357 3706 1703 3802 duarum
1747 3704 1869 3791 vel
1910 3707 2151 3791 trium
2222 3708 2369 3795 lin-

1804 3867 1901 3921 12
