2981 4742
2065 380 2236 465 133·

460 515 791 635 quidem
832 550 989 603 nou
1031 520 1407 605 concessit
1485 518 1570 603 id
1634 516 1996 605 divinitas
2024 584 2048 625 ,
2087 538 2305 633 quae·

462 648 711 759 gravis
748 648 1006 734 morbi
1074 680 1336 761 regem
1402 648 1886 765 aegritudine
1951 646 2291 733 detineri

463 775 810 890 permisit
836 841 861 884 ,
902 776 1136 861 nimis
1176 777 1413 883 longo
1451 768 1818 891 temporis
1845 775 2090 889 spatio
2116 767 2316 857 con?

465 904 700 988 tinuit
786 930 865 988 et
966 930 1305 989 oratores
1382 928 1680 989 nostros
1708 970 1730 1009 ,
1810 936 1910 988 ne
1991 925 2298 986 tantum

466 1035 903 1147 principem
945 1066 1130 1122 mox
1172 1060 1610 1140 tentarent,
1668 1058 1752 1119 ut
1819 1054 2026 1118 extra
2099 1032 2304 1143 peri·

354 1210 357 1217 ·
464 1160 733 1245 culum
774 1194 1003 1247 sanus
1043 1162 1192 1247 fuit
1220 1230 1241 1269 ,
1278 1154 1801 1246 offensionum
1848 1184 2288 1243 nostrarum

464 1288 952 1405 querimonia
998 1290 1508 1405 perturbare,
1549 1318 1650 1375 ne
1717 1294 1986 1374 recens
2047 1287 2298 1401 sospi-
2385 1313 2389 1317 ·

466 1420 596 1502 tati
644 1419 1047 1503 redditum
1089 1443 1246 1504 tam
1288 1417 1654 1505 molestae
1719 1422 1830 1503 rei
1896 1415 2300 1523 laederent

468 1547 731 1658 apori-a
762 1550 1075 1660 ..Quam
1117 1577 1284 1634 rem
1327 1572 1739 1667 postquam
1779 1578 1915 1633 rex
1968 1576 2065 1633 ex
2132 1575 2302 1629 ora·-

472 1678 775 1765 toribus
814 1679 1095 1763 nostris
1133 1680 1439 1791 agnovit
1462 1744 1487 1787 ,
1533 1703 1694 1765 tam
1728 1678 2070 1792 graviter
2096 1674 2302 1785 tulit,

470 1806 691 1923 quod
734 1808 941 1921 ipsos
980 1808 1421 1921 poenituit,
1485 1838 1626 1893 nos
1687 1832 1946 1893 autem
2011 1829 2308 1921 pertae-

474 1966 655 2020 sum
693 1934 843 2021 fuit
884 1966 1050 2020 rem
1091 1937 1337 2051 ipsam
1378 1938 1462 2021 in
1503 1938 1670 2021 eius
1709 1936 2066 2022 notitiam
2130 1946 2307 2050 per-

474 2061 835 2173 duxisse3
874 2061 1411 2149 dubitantibus
1460 2064 1850 2171 omnibus,
1890 2084 2093 2149 tanta
2156 2062 2306 2150 fuit

478 2188 967 2301 benignitatis
998 2256 1021 2298 ,
1058 2214 1137 2275 et
1175 2192 1408 2277 animi
1450 2194 1571 2278 sui
1627 2194 2078 2299 commotio,
2119 2189 2314 2275 reci-

464 2317 883 2404 divationis
909 2318 1374 2432 periculum,
1392 2321 1814 2408 scientibus
1839 2319 2048 2404 hunc
2072 2347 2310 2405 even-

476 2470 645 2531 tum
688 2447 830 2531 tibi
871 2446 1071 2532 forte
1100 2513 1125 2557 ,
1190 2451 1616 2538 certissime
1683 2448 2120 2565 'veroxfore⁸
2173 2471 2312 2532 tuo

401 2648 407 2655 .
474 2571 807 2659 domino
846 2577 1075 2660 nimis
1114 2601 1413 2689 gratum
1448 2643 1469 2664 .
1510 2577 1698 2665 Non
1739 2575 1996 2664 defuit
2049 2601 2310 2662 tamen

472 2705 629 2790 Dei
673 2705 974 2790 bonitas
1000 2772 1023 2813 ,
1063 2735 1263 2824 quae
1304 2705 1888 2820 mentemregis
1913 2773 1937 2818 ,
1975 2731 2058 2792 et
2083 2705 2091 2713 ’
2121 2735 2314 2792 con-

463 2834 829 2917 stantiam
870 2835 1113 2946 gentis
1154 2833 1381 2919 uobis
1422 2834 1896 2944 ostenderet,
1921 2857 1998 2922 et
2021 2833 2308 2948 linguis

470 2961 1071 3078 obloquentium
1136 2963 1487 3052 obviaret
1516 3029 1539 3051 .
1573 2962 2024 3082 ‘Siquidem
2089 2965 2312 3050 stetit

312 3143 316 3149 ·
424 3153 431 3159 -
470 3091 629 3178 Dei
658 3091 885 3176 'dono
926 3093 1125 3204 regia
1154 3083 1537 3197 =valetudo
1565 3160 1589 3203 ,
1628 3124 1794 3212 quo
1831 3094 2130 3179 factum
2197 3117 2314 3179 est

474 3243 563 3338 ut
603 3221 769 3306 eius
806 3219 1303 3312 ordinatione
1346 3221 1654 3308 validus
1678 3225 2060 3310 exercitus
2090 3252 2307 3337 para-

470 3375 683 3434 retur
715 3417 741 3458 ,
802 3379 983 3436 cum
1039 3344 1241 3467 'quo
1278 3354 1281 3359 ’
1317 3381 1605 3446 comes,
1655 3351 1969 3438 inclitus
2047 3349 2307 3437 Armi-

303 3503 307 3507 ·
440 3478 671 3564 -uiaci
736 3481 817 3564 in
896 3479 1150 3591 fratris
1229 3479 1664 3593 ultionem,
1741 3482 2014 3599 tuique
2079 3478 2308 3563 ducis

471 3608 819 3717 exitium,
845 3609 1321 3726 praesidium
1350 3613 1578 3698 nobis
1603 3603 1689 3694 in
1713 3605 2093 3693 honorem
2117 3601 2310 3692 Gal-

478 3733 609 3824 lici
637 3741 995 3851 nominis,
1017 3763 1095 3826 et
1132 3741 1211 3826 in
1241 3739 1773 3830 testimonium
1801 3733 1990 3823 fidei
2018 3732 2302 3849 regiae,
