2981 4742
514 372 523 378 ‚
561 348 565 353 .
611 272 775 375 ¹04
992 384 997 391 ἡ
1713 374 1718 378 ³

537 410 982 526 pubiicare.
1023 410 1193 497 Cur
1232 434 1496 499 autem
1537 442 1721 498 cum
1797 444 1939 529 pro
1969 516 1976 525 ⁶
2006 436 2392 525 tyranno,

541 540 1045 658 maximoque
1072 610 1094 649 ‚
1138 532 1964 660 truculentissimoque
2048 568 2392 655 tyranno

545 670 881 755 domino
923 694 1067 756 tuo
1110 669 1496 787 loquaris,
1537 674 1796 787 ipsum
1825 673 2116 755 ducem
2148 672 2390 779 Ligu-

550 803 882 908 sticum,
948 824 1029 885 et
1112 802 1504 885 Ausoniae
1589 794 2023 915 principem
2110 834 2334 885 vocas
2368 869 2392 907 ‚

548 953 818 1012 contra
868 958 1055 1013 vero
1092 932 1720 1047 antiquissimum
1764 934 2198 1046 principem
2231 955 2386 1014 tam

544 1056 1001 1165 dominatu,
1043 1090 1283 1175 quam
1324 1061 1741 1171 sanguine,
1809 1059 2230 1147 Nicolaum
2301 1060 2391 1140 it-

546 1184 881 1271 lustrem
938 1184 1477 1273 Marchionem
1521 1191 1938 1275 Estensem
1970 1255 1992 1295 ‚
2062 1191 2388 1273 maiores

543 1316 771 1401 cuius
810 1318 962 1402 iam
1006 1302 1207 1401 nona
1250 1320 1744 1428 generatione
1787 1318 1936 1402 iate
2001 1316 2383 1401 dominati

542 1440 764 1553 sunt,
804 1451 1161 1562 quinque
1202 1471 1378 1531 ante
1415 1428 1795 1531 Friderici
1824 1447 2151 1533 secundi
2185 1468 2385 1532 tem-‘-

542 1560 731 1690 xpora
774 1575 1265 1682 claruerunt,
1305 1603 1656 1693 quorum
1689 1575 2119 1682 celebritas,
2147 1600 2384 1692 atque

539 1704 741 1791 sama
783 1708 1028 1791 trium
1068 1704 1514 1823 seculorum
1587 1702 2162 1817 longitudinem
2229 1702 2413 1787 fer··

542 1864 671 1921 me
713 1834 1096 1949 complet,
1134 1858 1557 1948 tyrannum
1587 1824 1980 1949 appellas?
2007 1836 2180 1919 Cur
2207 1834 2377 1919 eius

430 2048 435 2055 .
536 1972 1109 2051 commemoras
1148 1964 1469 2049 afflictas
1509 1960 1675 2049 esse
1716 1962 2104 2069 fortunas,
2147 1962 2371 2077 quod

448 2107 451 2109 ’
536 2093 871 2210 quidem
924 2116 1003 2177 et
1074 2090 1541 2198 machinatio
1605 2090 1906 2205 domini
1977 2092 2093 2176 tui
2162 2090 2375 2176 fuit?

546 2223 723 2309 Cur
803 2221 1171 2309 inclitum
1251 2212 1483 2305 heroa
1560 2222 1973 2307 Patavinae
2039 2220 2373 2307 civitatis

426 2427 431 2430 .
544 2350 788 2439 multa
848 2352 999 2436 iam
1068 2350 1555 2436 successione
1608 2349 2177 2436 moderatorem
2210 2395 2242 2458 ,·
2294 2373 2373 2434 et

532 2481 951 2570 dominum
993 2505 1149 2567 tam
1191 2477 1574 2565 dilectum
1615 2482 1810 2589 suis,
1851 2504 2173 2598 tamque
2215 2478 2371 2564 fot·-
2475 2469 2498 2476 ”

530 2609 993 2697 midabilem
1034 2603 1243 2718 aliis,
1283 2633 1611 2726 tamque
1651 2611 1959 2696 cunctis
1997 2610 2160 2718 suis
2213 2611 2406 2716 vir-s

532 2739 883 2848 tutibus,
920 2763 999 2824 et
1038 2738 1281 2824 animi
1309 2737 1853 2852 magnitudine
1880 2736 2366 2824 celebratum

526 2870 848 2989 tyranni
894 2867 1538 2954 denominatione
1577 2866 1982 2980 denigras?
2023 2867 2168 2984 qui,
2231 2898 2368 2978 per
2413 2912 2418 2916 ·

523 2997 944 3083 dominum
1022 3022 1251 3082 tuum
1334 2995 1963 3084 infidelissimum
2057 2999 2362 3082 socium

415 3144 422 3149 '
520 3125 758 3239 patria
816 3123 1279 3237 expolitum,
1320 3147 1555 3242 atque
1585 3123 1937 3213 dominio
1965 3122 2363 3239 pulsus‚et

521 3254 886 3363 extorris,
912 3254 1193 3340 ..solum-
1220 3255 1485 3342 auxilii
1530 3257 1770 3350 nostri
1810 3267 1992 3370 spe,
2028 3279 2186 3342 tam
2229 3253 2393 3341 au?

496 3385 829 3507 dacter,
868 3384 1027 3470 tam
1070 3407 1543 3491 constanter,
1589 3409 1666 3470 et
1704 3410 1860 3470 tam
1901 3383 2058 3469 alto
2097 3386 2362 3470 animo

516 3513 849 3602 domino
890 3539 1034 3601 tuo
1074 3514 1427 3624 Paduam
1454 3509 1828 3622 abstulit,
1874 3536 1952 3598 et
1994 3514 2076 3596 in
2120 3515 2372 3620 maxi<

514 3675 721 3735 mam
764 3647 1097 3736 dominii
1137 3647 1254 3732 sui
1300 3670 1600 3762 partem
1641 3668 1885 3733 semet
1929 3645 2089 3760 ipse
2133 3674 2360 3758 repo·
2481 3690 2490 3700 ·
