2981 4742
2082 337 2241 426 153

467 509 726 572 tenere
753 551 776 595 ‚
814 514 896 600 se
937 481 1165 570 ducis
1206 467 1322 569 uini
1365 480 2109 588 machinationibus,
2148 513 2313 568 ma-

467 619 630 726 gica
673 617 938 700 nescio
975 613 1316 732 qualiter
1357 638 1519 698 arte
1558 612 1985 701 confusum
2013 679 2037 722 ‚
2076 613 2157 696 in
2204 612 2315 700 -id

467 743 767 851 morbi,
827 769 994 860 quo
1073 742 1473 836 laborabat
1507 810 1529 848 ‚
1562 783 1567 786 ·
1606 759 2013 857 arreptum
2094 771 2311 830 esse.

466 877 652 985 Qua
695 874 1028 989 quidem
1067 903 1151 956 re
1205 873 1743 984 gaudebamus
1808 900 2085 954 causae
2153 893 2313 958 tam

469 1005 788 1115 urgenti
829 1071 854 1112 ‚
937 1027 1260 1120 tamque
1337 1006 1605 1117 gravi,
1686 1001 2111 1114 legitimam
2132 1038 2163 1111 ·,
2238 1024 2319 1087 et

465 1158 812 1246 apertam
842 1200 865 1241 ‚
901 1133 1326 1218 offensione
1365 1156 1623 1216 nostra
1652 1198 1677 1238 ‚
1703 1149 1710 1154 ’
1739 1131 1991 1214 immo
2060 1129 2261 1242 regia
2292 1194 2319 1239 ,

465 1295 777 1348 causam
820 1264 1222 1348 accessisse
1253 1325 1274 1348 .
1315 1261 1477 1350 Sed
1518 1258 1883 1346 nondum
1950 1257 2121 1342 dies
2184 1288 2319 1344 ve-

463 1416 686 1477 nerat
725 1423 860 1475 sua
894 1458 917 1499 ‚
961 1419 1290 1506 nonque
1333 1392 1495 1501 regi
1524 1454 1559 1498 ‚-
1593 1388 1992 1506 longeque
2056 1392 2321 1476 minus

463 1544 544 1610 et
587 1520 814 1604 nobis
873 1548 1338 1631 concessum
1379 1540 1543 1602 erat
1588 1518 1801 1606 illud
1872 1519 2319 1633 opprimere

465 1679 692 1763 posse
773 1673 1212 1736 monstrum
1243 1716 1268 1757 ‚
1347 1646 1576 1766 quod
1604 1714 1630 1755 ‚
1706 1650 1914 1734 sicut
1992 1674 2322 1737 evemus

465 1781 753 1894 probat
780 1846 805 1888 ,
845 1781 1040 1865 certi
1079 1809 1358 1881 sumus
1398 1779 1503 1864 ab
1538 1801 1861 1864 aeterno
1898 1777 2133 1866 fuisse
2196 1781 2321 1866 di-

479 1895 670 1994 vino
731 1909 1048 1994 numini
1093 1931 1618 1997 teservatum.
1658 1908 1823 1996 Sed
1862 1908 2049 1996 haec
2086 1914 2320 1999 omitss·

464 2060 756 2146 tamus3
795 2033 997 2120 adeo
1036 2034 1370 2153 quidem
1415 2037 1497 2122 in
1540 2039 2049 2152 praeteritum
2078 2065 2321 2126 trans-

471 2169 772 2273 ierunt,
839 2165 1068 2283 quod
1110 2195 1406 2258 vanum
1470 2167 1573 2253 sit
1638 2177 1725 2252 ea‘
1754 2233 1777 2274 ,
1844 2171 1991 2254 nisi
2057 2168 2321 2256 solum

466 2296 568 2381 ad
610 2293 1296 2410 reprehensionem
1355 2297 1803 2409 mendacii,
1866 2329 2271 2385 recensere
2296 2365 2319 2388 .

476 2414 694 2501 Volo
731 2438 998 2498 tamen
1049 2413 1424 2499 ‚advertas
1489 2413 1799 2527 regium
1873 2416 2323 2529 periculum

309 2583 336 2605 -·
473 2565 556 2629 te
593 2570 754 2629 non
792 2540 1126 2629 inaniter
1163 2538 1468 2652 solum,
1509 2544 1651 2630 sed
1688 2543 2144 2633 stuktissime
2182 2580 2323 2635 no-

474 2671 861 2779 minasse,
938 2692 1022 2757 et
1103 2666 1756 2791 amplitudinem,
1810 2671 2325 2795 ‘tutelamque

380 2824 382 2827 ’
473 2826 918 2892 nostrarum
945 2819 1193 2916 opum
1225 2803 1705 2915 ineptissime
1732 2805 2100 2919 posuisse,
2126 2814 2323 2924 quas

471 2930 849 3039 tuendas,
887 2952 968 3017 et
995 2929 1480 3043 ampliandas
1509 2954 1665 3017 tam
1692 2933 2069 3023 ,indecens
2095 2960 2321 3047 esset,

465 3085 546 3147 et
583 3062 997 3174 ineptum,
1034 3057 1469 3173 gloriosum
1534 3058 1763 3149 illum
1830 3066 2127 3176 Regem
2193 3096 2337 3157 su-.

463 3193 806 3305 scipere,
845 3218 1088 3319 quam
1125 3184 1722 3302 stultissimum,
1760 3222 1953 3332 nos,
1979 3191 2105 3283 vel
2136 3190 2334 3283 alios

463 3328 930 3447 postulare.¹

561 3464 892 3553 Potuit
949 3462 1320 3567 ‘sortasse
1331 3526 1363 3569 ,
1423 3458 1675 3573 dicis,
1712 3480 2015 3553 vestra
2086 3463 2325 3550 calli·-

468 3588 741 3697 ditas,
765 3609 848 3677 et
877 3590 1030 3678 illa
1057 3588 2073 3713 ammederatafingend1‚
2098 3621 2325 3679 men-

363 3836 372 3850 !
472 3719 916 3843 tiendique
951 3724 1338 3836 licentia,
1377 3756 1547 3845 qua
1594 3730 1689 3815 iu
1752 3728 1995 3814 rebus
2058 3727 2323 3813 omni-
