2981 4742
713 321 738 378 ι
758 263 879 378 68'

640 433 998 522 obtinere
1027 503 1050 545 ,
1091 435 1346 550 donee
1385 433 1487 519 ad
1528 434 2109 536 effoeminatnm
2141 431 2486 539 traduci·

627 579 778 646 ‘tur
809 567 1489 678 Sardanapalum,a
1519 596 1689 680 quo
1718 565 2219 676 perArbacen
2249 587 2491 648 trans-

647 693 893 780 fertur
945 699 1038 778 -in
1111 698 1446 802 Medos,
1485 695 1709 812 quod
1740 761 1763 800 ,
1814 696 2014 778 sicut
2082 695 2259 778 Deo
2328 695 2487 808 pia·-

635 829 824 924 cuit,
851 825 950 910 ad
981 827 1354 934 Grae008‚
1398 823 1821 910 Alexandri
1866 825 2131 934 Magni
2174 826 2485 929 virtute,

649 952 1155 1074 fortunaque,
1200 957 1581 1066 pervenit.
1621 951 1983 1041 Tandem
2016 981 2203 1044 vero
2232 951 2487 1044 multo
2608 983 2617 994 ·

516 1084 521 1090 ’
631 1089 1010 1198 sangnine
1042 1152 1065 1194 ,
1135 1077 1570 1202 multisque
1636 1083 1977 1168 victoriis
2044 1081 2340 1164 transiit
2380 1080 2480 1162 ad

641 1215 1065 1323 RomanOS,
1104 1240 1181 1302 et
1220 1215 1455 1300 Italos
1484 1281 1511 1322 ,
1549 1213 1701 1298 sub
1739 1215 2013 1327 eisque
2058 1235 2210 1294 tres
2254 1240 2483 1294 mun-

635 1343 720 1422 di
765 1367 1020 1454 partes
1047 1347 1129 1429 in
1161 1348 1393 1428 unius
1419 1342 1913 1429 monarchiae
1944 1338 2173 1424 titulo
2198 1369 2483 1423 conve·-
2520 1455 2524 1458 ι

635 1471 1176 1589 nerunt,quod
1200 1471 1382 1558 alias
1411 1500 1822 1588 nunquam
1847 1468 2133 1581 legitur
2160 1461 2480 1552 accidis-

642 1631 746 1688 se.
787 1599 947 1688 Sed
985 1601 1087 1688 ad
1127 1601 1452 1710 Gallias,
1492 1632 1687 1718 quas
1726 1599 1924 1684 adeo
1952 1597 2335 1710 reprimiS,
2363 1600 2481 1696 re,-

642 1729 992 1818 deamus.
1021 1731 1137 1818 Et
1181 1731 1393 1838 unde
1435 1732 1605 1840 tibi,
1636 1727 1857 1848 qnod
1898 1727 2152 1814 Gallis
2192 1726 2293 1811 ad
2336 1727 2477 1818 lta-

643 1856 830 1944 liam
897 1862 1159 1946 venire
1197 1864 1298 1946 sit
1338 1861 1565 1946 facile
1606 1861 1822 1945 dicas
1852 1928 1873 1965 ‚
1912 1858 2232 1944 difficile
2291 1889 2478 1943 vero
2606 1935 2611 1939 .

636 1988 898 2074 redire
927 1991 1316 2076 victores?
1350 1991 1458 2074 Et
1483 1990 1587 2074 de
1615 1988 1867 2078 Gallis
1906 1987 2237 2104 quidem
2270 2051 2295 2095 ,
2332 1988 2478 2103 qui

647 2142 782 2210 tot,
803 2119 1038 2204 urbes
1065 2143 1348 2206 vestras
1361 2119 1937 2269 condiderunt,
1968 2119 2143 2202 satis
2168 2113 2489 2200 dictum·

636 2249 760 2332 sit.
791 2247 1227 2353 Venerunt,
1255 2250 1495 2356 enim,
1527 2249 1606 2331 in
1637 2247 1963 2351 Italiam,
1990 2272 2069 2332 et
2096 2248 2479 2350 vicerunt,

516 2382 522 2389 ’
643 2376 1053 2533 pulsisque
1118 2373 1404 2463 exinde
1470 2383 1803 2488 Tuscis,
1873 2410 2077 2495 quos
2146 2376 2482 2487 legimus

534 2504 538 2509 ’
640 2538 729 2590 ea
772 2511 1268 2621 tempestate,
1306 2540 1464 2623 qua
1506 2540 1587 2592 se
1629 2531 1923 2595 tractus
1964 2508 2199 2591 maris
2225 2506 2485 2613 inferi,

644 2634 866 2750 quod
909 2661 986 2721 et
1025 2641 1386 2724 Tuscum
1426 2634 1805 2744 dicitur,
1780 2668 1867 2721 ae
1918 2640 2207 2748 superi,
2260 2638 2483 2753 quod

512 2790 520 2813 ⁸
641 2790 720 2848 et
763 2766 1253 2851 Adriaticum
1296 2791 1849 2881 nuncupatur,
1890 2768 1991 2852 ab
2030 2768 2269 2852 Adria
2312 2772 2485 2854 Tu·

639 2924 955 2981 scotum
1025 2895 1370 3004 colonia,
1453 2897 1998 3011 protenditur,
2062 2899 2495 3008 imperinm-

641 3024 1132 3127 obtinebant.
1174 3026 1348 3113 Nec
1379 3030 1738 3111 vicerunt
1763 3025 2051 3133 solum,
2078 3028 2213 3111 sed
2244 3044 2489 3111 totam

643 3152 854 3237 illam
899 3154 1223 3267 patriam
1267 3178 1732 3241 tenuerunt.
1774 3158 2121 3241 Senones
2162 3180 2425 3256 autem
2455 3222 2480 3262 ,

641 3282 1020 3400 aquibus
1064 3285 1451 3369 Romanos
1517 3286 1804 3388 victos,
1868 3308 1950 3369 et
2016 3284 2293 3367 urbem
2360 3314 2484 3367 ca-

527 3398 565 3516 ,⁵
639 3437 856 3526 ptam
896 3413 1274 3528 diximus,
1319 3416 1725 3519 vicerunt,
1762 3438 1838 3499 et
1880 3414 2066 3497 victi
2107 3436 2290 3496 sunt
2319 3435 2486 3520 ,et
2584 3480 2595 3493 .

583 3626 590 3633 .
638 3543 740 3630 ad
779 3547 1401 3631 internecionem
1445 3535 1734 3650 taliter,
1776 3541 2187 3627 Dolobella
2226 3543 2431 3627 duce
2463 3609 2488 3652 ,

581 3716 588 3727 ·
637 3671 923 3783 deleti,
963 3674 1190 3798 quod
1231 3670 1501 3759 nullus
1544 3700 1637 3759 ex
1677 3702 1765 3757 ea
1808 3696 2032 3790 gente
2098 3702 2487 3759 remanse-
