2981 4742
719 363 828 446 70

656 474 881 590 quod
921 476 1168 562 futuri
1209 478 1360 561 sint
1401 475 1705 560 cunetis
1744 503 1859 558 res
1900 502 2140 558 novas
2180 493 2485 556 tentan-

649 605 862 690 tibus
903 606 1236 694 inimici.
1265 608 1452 691 Fuit
1476 606 1607 688 ille
1637 597 1759 689 vir
1784 604 2353 717 magnanimus,
2379 604 2485 686 de
2612 635 2618 640 ·

658 757 827 848 quo
866 735 1150 842 sentis,
1216 738 1298 819 in
1363 734 1659 822 Palatio
1725 735 2059 822 Vicarii.
2125 735 2500 821 Mactavit

653 863 1056 972 optimum·
1091 866 1395 971 virum,
1435 866 1662 949 cuius
1703 893 2029 970 nomen,
2086 892 2273 947 cum
2340 892 2486 973 pro

654 993 906 1104 patria
957 997 1420 1107 oppetierit,
1486 992 1700 1076 nulla
1770 1022 2121 1102 unquam
2190 990 2491 1075 delebit

657 1117 1006 1228 oblivio,
1050 1121 1407 1235 proditor
1448 1121 1817 1206 infandus
1857 1123 2030 1226 iste,
2058 1151 2297 1238 quem
2328 1119 2496 1204 lau·

655 1246 840 1354 daS,
917 1255 1322 1358 mactavit,
1402 1252 1768 1367 inquam,
1844 1281 2110 1335 senem
2190 1252 2497 1333 iuvenis

655 1378 1172 1466 amicabiliter
1213 1405 1615 1494 receptae,
1650 1405 1991 1466 armatus
2058 1380 2443 1462 inermem
2475 1445 2497 1481 ,

655 1504 1202 1612 confidentem·
1261 1505 1665 1623 perfidus»,
1731 1507 2151 1593 bellieosus
2220 1505 2501 1592 imbel-

653 1629 861 1743 lem,
898 1637 1169 1724 multis
1235 1641 1565 1752 stipatus
1632 1639 1859 1722 sociis
1928 1668 2129 1750 pene
2193 1635 2451 1720 solum
2481 1701 2505 1737 ‚

659 1765 1023 1875 provisus
1061 1767 1510 1872 incautum,
1550 1789 1637 1850 ut
1682 1764 1876 1848 nihil
1919 1764 2503 1877 indignabiliuS‚

664 1909 760 1978 ut
797 1893 991 1977 nihil
1034 1887 1595 1999 effeminatius,
1664 1916 1742 1978 et
1810 1891 2350 1999 inhonestius,
2416 1916 2504 1975 ut

665 2019 863 2105 nihil
907 2024 1515 2136 pusillanimius,
1560 2046 1647 2106 ut
1690 2021 1885 2104 nibil
1925 2020 2505 2130 illaudabilius,

666 2171 757 2234 ut
799 2154 996 2237 nihil
1037 2156 1432 2266 ignaviuS,
1472 2177 1559 2236 ut
1601 2151 1791 2234 nihil
1837 2151 2361 2262 ingloriosius,
2406 2175 2497 2236 ut
2542 2189 2545 2194 ·

658 2279 852 2365 nihil
897 2282 1292 2391 timidius,
1334 2306 1411 2366 et
1455 2281 1810 2389 tandem,
1866 2281 2057 2364 nihil
2128 2280 2492 2395 undique

655 2410 1100 2499 sceleratius
1145 2414 1490 2528 potuerit
1548 2415 2025 2526 perpetrari.
2094 2412 2503 2523 Magnani-

655 2570 879 2625 mum
923 2541 1099 2628 licet
1129 2541 1346 2628 hunc
1373 2572 1643 2647 voces,
1672 2544 1809 2659 qui
1840 2540 2193 2626 scelestas
2226 2572 2500 2625 manus

665 2674 1306 2785 co.ntra.pa'triam
1348 2675 1637 2775 movit,
1700 2702 1846 2784 pro
1911 2696 2251 2783 tyranno
2316 2670 2495 2753 Flo-

583 2823 588 2829 '
662 2801 1036 2907 reminis,
1077 2832 1224 2915 pro
1289 2801 1791 2917 naturalique
1858 2801 2315 2883 Florentini·
2364 2830 2502 2882 no-

657 2925 892 3010 minis
934 2928 1256 3011 inimico
1286 2992 1307 3031 ,
1349 2959 1505 3011 non
1550 2951 1641 3012 ut
1682 2929 2249 3029 dominaretur,
2279 2926 2504 3042 qnod

658 3052 930 3137 'saltem
974 3054 1107 3138 alti
1148 3057 1469 3167 spiritus
1511 3078 1677 3163 est,
1716 3057 1855 3140 sed
1902 3080 2035 3162 ut,
2076 3085 2241 3172 quo
2298 3053 2493 3136 nihil

664 3184 1024 3268 miserius
1101 3186 1416 3297 cogitari
1502 3208 1811 3298 potest,
1892 3187 1970 3269 in
2038 3185 2499 3297 servitutem

629 3311 1058 3398 sauhmersa
1096 3312 1345 3426 patria
1374 3379 1399 3421 ,
1438 3316 1623 3421 tanti
1667 3314 1849 3400 mali
1904 3344 2130 3400 causa
2177 3310 2503 3396 scelera-³

657 3441 858 3525 tiore
898 3468 1138 3558 quam
1167 3440 1295 3522 alii
1325 3442 1707 3527 servitute
1733 3446 2079 3530 servir-et.
2108 3440 2504 3555 Sperabat,

656 3588 964 3675 tamen,
1007 3568 1357 3679 ingentes
1399 3567 1601 3653 for'te
1636 3566 1991 3678 divitiae,
2030 3597 2307 3677 magna
2358 3565 2493 3647 sti-

655 3695 990 3811 pendia,
1029 3696 1452 3785 maximam
1501 3696 1809 3822 domini
1872 3694 2447 3822 confidentiam
2472 3757 2498 3803 ‚
