2981 4742
2129 281 2239 367 63

459 420 777 505 cinnum
821 420 1239 523 dicebant,
1280 442 1438 501 orta
1482 424 1886 504 contentio
1916 488 1936 529 ‚
1979 420 2301 504 scelera-

462 554 743 633 tissima
790 553 1035 635 movit
1074 580 1310 654 arma,
1336 549 1564 631 cuius
1605 554 1710 630 rei
1758 582 1982 633 causa
2025 582 2278 663 popu·

458 679 580 761 lus
612 683 738 767 ille
766 682 1024 795 coepit
1067 710 1313 763 novae
1359 679 1718 763 sectionis
1757 680 2038 763 studiis
2069 680 2288 763 dissi-

458 809 698 919 dere3
738 839 1087 926 cumque
1129 805 1402 891 caedes
1444 804 1831 890 horrenda
1899 811 2299 893 commissa

466 937 765 1044 suisset,
806 944 1184 1023 occisores
1224 965 1409 1019 cum
1452 939 1719 1049 paucis
1760 937 2050 1023 exclusi
2091 962 2295 1047 sunt,

458 1094 823 1189 tantaque
865 1070 1015 1155 fuit
1060 1096 1489 1180 paucorum
1533 1068 1808 1173 rabies,
1837 1068 2059 1186 quod
2102 1100 2302 1152 uun-

453 1234 691 1317 quam
735 1200 1201 1285 concordiae
1259 1195 1544 1281 modus
1583 1225 1941 1313 repertus
1981 1222 2144 1306 est,
2185 1199 2303 1282 bis

458 1328 1126 1448 conquerentibus
1168 1328 1773 1438 inexcusabiles,
1814 1354 1902 1415 ut
1944 1332 2056 1415 eis
2082 1330 2302 1413 vide·
2394 1410 2400 1417 .

457 1461 692 1544 batur
718 1526 740 1567 ,
781 1457 1056 1543 caedes
1082 1523 1104 1564 ,
1144 1456 1309 1542 aliis
1353 1457 1968 1573 ponderantibus
2031 1481 2287 1546 tantae

460 1592 574 1672 rei
617 1620 879 1674 causas
908 1656 931 1696 ‚
969 1620 1163 1706 quas
1202 1588 1473 1700 dignas
1517 1620 1672 1673 non
1717 1590 2108 1675 duce-bant
2136 1656 2160 1698 ‚
2201 1616 2288 1677 ut

452 1720 555 1803 ab
592 1719 765 1803 altis
804 1719 1177 1823 deberent
1217 1720 1496 1803 animis
1535 1718 1870 1809 tolerari.
1913 1722 2292 1838 Cumque

456 1848 749 1933 malum
794 1848 943 1933 hoc
984 1848 1437 1933 intestinum
1503 1849 1588 1931 in
1658 1850 1826 1932 dies
1867 1874 2297 1959 cresceret,

461 1966 1035 2090 'pullulantibus
1074 1979 1409 2097 quotide
1464 1981 1705 2091 magis
1746 1979 2291 2091 indignationi-

467 2110 615 2193 bus
640 2176 664 2217 ,
704 2109 1321 2227 quas-augebant
1364 2108 1727 2216 iniuriae,
1767 2108 2292 2193 succendebat

336 2344 349 2355 ι
458 2239 749 2323 invidia
779 2306 801 2347 ,
880 2269 1221 2356 spesque
1287 2236 1562 2353 variae}
1624 2239 2073 2321 nutriebant
2104 2302 2126 2343 ,
2191 2266 2288 2320 eo

452 2367 889 2452 deventum
929 2391 1068 2475 est,
1114 2358 1201 2450 ut
1246 2366 1482 2450 unius
1520 2361 2287 2474 sectionis'arbitriO,

448 2501 729 2582 ceteris
794 2496 1035 2610 patria
1102 2494 1346 2610 pulsis
1373 2520 1408 2603 ,·
1460 2519 1597 2579 aut
1671 2497 1749 2579 iu
1817 2496 2057 2609 patria
2114 2498 2274 2611 ipsa

441 2630 839 2742 prostratis
867 2695 890 2730 ,
932 2626 1060 2715 illa
1103 2657 1221 2711 res
1268 2623 1583 2740 publica
1627 2615 2289 2738 regeretur-‚Nec

447 2760 787 2843 conteuti
818 2782 1002 2844 sunt
1030 2758 1235 2867 intra
1262 2786 1345 2839 se
1377 2754 1648 2840 furere
1673 2822 1694 2862 ‚
1717 2755 1858 2842 sed
1896 2787 2290 2867 venenum

450 2919 682 2973 suum
750 2911 1019 2974 contra
1100 2915 1245 2970 nos
1326 2909 1781 2970 evomentes
1811 2951 1832 2994 ,
1899 2884 2294 3004 quasdam

448 3019 943 3134 Imperatoris
982 3007 1245 3106 Caroli
1290 3006 1496 3102 tertii
1538 3018 1821 3132 copias,
1847 3048 2044 3136 quas
2077 3048 2295 3132 prae-

453 3152 717 3238 missas
759 3153 835 3234 in
880 3150 1290 3236 Etruriam
1333 3149 1584 3234 rabies
1629 3147 1753 3234 illa
1797 3173 2296 3262 susceperat,

456 3310 591 3390 spe
636 3278 965 3392 praedae
1030 3301 1329 3364 nostros
1368 3277 1449 3362 in
1495 3273 1692 3360 fines
1734 3275 2118 3361 hostiliter
2157 3278 2305 3361 im·

458 3411 862 3520 pulerunt.
890 3413 1069 3497 Post
1101 3407 1593 3522 imperatoris
1623 3435 1809 3490 vero
1837 3405 2293 3514 discessum,

428 3567 639 3621 cum
682 3561 1022 3624 maneret
1058 3536 1202 3624 alta
1234 3536 1672 3622 Florentini
1716 3533 1993 3650 populi
2025 3560 2292 3619 mente

448 3669 880 3780 repositum
904 3665 1195 3757 vulnus
1221 3663 1425 3768 illud
1454 3663 1813 3773 iniuriae,
1828 3664 2284 3753 Commune

1573 3915 1620 3951 x,
