2981 4742
714 341 825 428 56

653 480 803 567 lor'i
830 480 1125 571 ablatae
1154 552 1177 593 ‚
1228 510 1358 571 aut
1390 516 1487 569 ne
1519 474 1944 599 eripiantur
1987 508 2298 569 aeterno
2343 509 2502 567 me·-

623 614 773 695 ‘tui
810 617 965 699 sint
1006 619 1373 730 oportet?
1412 613 1638 727 Quid
1687 646 1953 720 uxore,
1993 612 2190 731 qnid
2235 613 2516 695 liberis

650 738 1028 828 dulcius?
1066 744 1336 857 Quam
1377 770 1640 829 tamen
1679 776 1790 829 ex·
1814 744 1929 826 his
1979 744 2264 825 sentire
2318 741 2490 822 dul-

652 868 1011 957 cedinem
1041 895 1294 989 potest
1333 876 1397 957 is
1423 941 1447 981 ‚
1486 876 1628 990 qui
1668 904 1748 956 se
1794 872 2010 957 videt
2053 872 2358 981 nuptias
2386 869 2490 952 ad

650 996 963 1087 alterius
1028 994 1536 1117 petulantiam
1601 1033 2081 1118 comparasse
2113 1068 2134 1107 ,
2197 999 2490 1083 liberos

648 1127 747 1211 ad
818 1128 1151 1218 alienam
1216 1131 1630 1219 libidinem
1697 1133 2200 1245 procreasse?
2242 1130 2492 1217 Patria

648 1286 889 1361 vero,
925 1290 1131 1377 quae
1169 1263 1610 1364 unicuique
1661 1258 1918 1343 'debet
1986 1290 2146 1343 esse
2203 1259 2489 1340 iucun-

640 1385 769 1495 da,
806 1385 1191 1477 infinitam
1226 1388 1452 1476 affert
1475 1389 1888 1496 tristitiam,
1913 1411 2144 1503 atque
2175 1374 2483 1469 moero·-

644 1546 808 1602 rem
850 1520 943 1605 in·
968 1522 1340 1607 servitute
1378 1542 1790 1635 conspecta
1819 1586 1842 1627 ,
1871 1519 2009 1603 ubi
2041 1546 2194 1601 non
2221 1514 2482 1599 solum

643 1678 803 1735 non
843 1650 1160 1741 auditur
1200 1649 1361 1737 ulla
1403 1679 1547 1737 vox
1593 1638 1858 1753 libera,
1885 1646 2022 1732 sed
2067 1675 2210 1730 nee
2249 1644 2488 1729 etia'm

640 1775 786 1862 ulli
826 1777 1050 1864 liberi
1088 1781 1465 1894 cogitatus
1496 1844 1516 1864 .
1555 1772 1776 1864 Haee
1829 1774 2172 1893 'quidem
2203 1840 2227 1881 ‚
2293 1805 2482 1859 cum

642 1906 744 1993 ab
782 1940 945 1995 uno
988 1912 1151 2027 pati
1216 1912 1315 1995 sit
1382 1909 1760 1993 miserum
1791 1974 1815 2015 ,
1857 1905 2219 1989 miserius
2265 1929 2398 2015 ‘est
2441 1938 2487 1987 a

644 2035 911 2123 multis
938 2106 962 2149 ,
1001 2037 1532 2125 miserrimum
1575 2066 1764 2122 vero
1800 2036 1901 2121 ab
1941 2034 2056 2118 bis
2089 2099 2112 2139 ,
2139 2063 2491 2149 quornm

574 2155 578 2162 ¹
638 2165 987 2275 avaritia,
1024 2164 1315 2273 libido,
1346 2162 1808 2277 erudelitate,
1855 2188 2025 2275 post
2067 2162 2484 2245 hominum

640 2297 1129 2400 memoriam,
1147 2296 1155 2328 ³
1172 2318 1696 2409 tyrannorum
1723 2294 2084 2378 omnium
2114 2290 2487 2406 malitiam

637 2453 1053 2513 excessere.
1083 2423 1302 2510 Haec
1341 2423 1608 2508 omnia
1650 2445 1782 2506 tua
1823 2447 2032 2528 sunt,
2058 2452 2262 2538 quae
2302 2427 2482 2539 qui-

633 2549 819 2636 dem
858 2555 920 2636 si
959 2555 1408 2668 negaverim
1448 2582 1617 2638 esse
1658 2579 1876 2659 vera,
1918 2553 2480 2665 memetipsum

634 2701 712 2764 te
748 2677 1220 2789 stultiorem,
1256 2682 1927 2798 vanissimamque
1965 2681 2289 2769 fatebor.
2321 2684 2482 2768 Ve-

642 2809 935 2894 ris-sima
976 2839 1327 2925 namque
1364 2836 1551 2897 sunt
1585 2879 1608 2921 ,
1649 2812 1944 2929 quibus
1983 2811 2298 2896 adiicias
2346 2843 2470 2896 ve-

643 2934 811 3046 lim,
837 2935 1061 3053 quod
1101 2936 1294 3021 nihil
1328 2941 1680 3024 miserius
1719 2972 1884 3028 esse
1923 2963 2202 3054 potest,
2229 2972 2474 3058 quam

576 3153 579 3158 ,
642 3061 747 3147 de
788 3063 946 3149 vita
974 3130 999 3170 ‚
1037 3064 1435 3181 neceque,
1473 3066 1575 3150 de
1615 3069 1843 3176 stat'u,
1885 3068 2010 3153 vel
2047 3069 2472 3186 splendore

636 3192 1035 3306 dignitatis
1062 3193 1490 3302 ,-arbitrio,
1527 3195 2023 3307 erudelitate,
2064 3197 2186 3282 vel
2227 3193 2467 3284 etiam

634 3321 986 3428 bonitate
1052 3325 1489 3438 cuiuspiam
1521 3391 1550 3434 ,
1624 3328 1766 3441 qui
1850 3351 2230 3441 tyrannus
2303 3330 2400 3412 sit
2441 3395 2474 3435 r

510 3490 514 3494 ·
628 3450 759 3537 die
784 3520 809 3563 ,
850 3478 1257 3572 noctuque
1299 3451 1646 3567 pendere
1682 3520 1702 3541 .
1743 3459 1950 3569 Quis
1979 3523 2000 3564 ‚
2043 3459 2253 3540 enim
2285 3521 2306 3563 ‚
2347 3445 2460 3540 se-

618 3611 859 3668 curus
898 3581 1245 3670 comedit
1273 3648 1295 3687 ‚
1333 3613 1658 3671 securus
1698 3584 1963 3698 'vigilat
1995 3651 2018 3690 ,
2061 3583 2178 3671 vel
2221 3613 2446 3685 seeu-
2485 3677 2492 3684 ,

610 3741 748 3802 rus
786 3710 1127 3822 dormit,
1168 3712 1311 3830 qui
1350 3715 1581 3828 capiti
1627 3708 2196 3804 suoeontinuo
2239 3711 2466 3800 videt
