2981 4742
577 490 720 596 ⁸Et
757 497 942 614 quia
979 527 1338 620 unquam
1367 499 1919 592 Florentinum
1948 508 2291 622 regimen
2320 507 2454 592 ali-

609 626 811 742 quid
853 629 1120 715 dicere
1162 653 1415 746 potest
1443 699 1468 743 ‚
1508 653 1627 718 tot
1654 701 1679 743 ,
1718 666 1915 751 quas
1975 651 2112 750 per
2178 637 2459 724 orbem

547 867 556 878 =
614 761 928 869 sparsit,
957 760 1228 848 litteris
1279 765 1727 852 iactavisse?
1756 767 2046 854 lactare
2086 765 2455 853 futurum

610 891 976 1000 respicit,
1017 894 1249 1010 quod
1291 897 1434 981 tibi
1502 895 2031 1016 relinquimus
2059 963 2082 1004 ‚
2148 898 2453 1013 tibique

605 1014 992 1108 similibus
1017 1023 1495 1113 faciendum.
1524 1025 1981 1132 Gravitatis,
2007 1029 2251 1134 enim,
2275 1024 2459 1110 Flo·

617 1149 970 1284 refftina'e
1011 1183 1172 1238 non
1209 1178 1324 1239 est
1362 1155 1617 1244 inania
1658 1156 2097 1242 divinando
2134 1159 2415 1240 iactare
2441 1219 2465 1258 ,

603 1275 808 1364 sicut
838 1301 924 1364 tu
954 1277 1163 1392 facis,
1185 1281 1406 1401 quod
1437 1283 1763 1402 quidem
1794 1289 1875 1370 in
1906 1310 2219 1398 tempus
2244 1281 2461 1368 aliud

597 1403 1050 1496 differamus
1077 1476 1097 1499 .
1139 1415 1390 1528 Quod
1435 1418 1503 1501 ai
1543 1419 1989 1503 iactantiam
2018 1483 2043 1524 ,
2100 1440 2179 1501 et
2246 1415 2455 1498 inso-

605 1529 921 1622 lentiam
949 1540 1480 1652 gloriationem
1514 1545 1902 1660 intelligia,
1930 1547 2136 1632 sicut
2174 1542 2447 1652 credo,

606 1664 786 1776 quis
826 1667 908 1752 in
953 1669 1164 1758 ltalia
1206 1672 1585 1760 dominus
1611 1743 1635 1782 ,
1674 1701 1811 1762 aut
1852 1679 1933 1761 in
1975 1675 2169 1762 orbe
2210 1705 2462 1788 popu-

609 1791 732 1878 lus
772 1821 936 1905 est,
979 1803 1124 1919 qui
1167 1807 1406 1919 possit
1474 1808 1717 1894 rebus
1786 1839 1979 1923 pace
2008 1875 2031 1914 ‚
2092 1805 2471 1922 belloque

607 1927 835 2036 gestis
903 1933 1219 2041 verine,
1259 1958 1338 2018 et
1381 1933 1787 2022 honestius
1850 1935 2214 2052 gloriari,
2278 1936 2461 2054 qui·

569 2080 767 2164 ‚que
793 2085 890 2146 ‚se
931 2061 1194 2144 minus
1237 2093 1591 2182 unquam
1632 2068 2029 2152 curaverit
2070 2065 2468 2153 exaltare?

613 2179 846 2290 Quae
891 2215 1076 2270 vero
1119 2186 1284 2274 lans
1351 2195 1652 2304 inania,
1690 2219 1768 2281 et
1812 2218 2133 2278 ventosa
2204 2195 2473 2280 minus

603 2335 767 2416 est,
804 2341 1047 2428 >quam
1089 2347 1292 2435 quae
1335 2324 1693 2436 procedit
1720 2355 1817 2411 ex
1844 2325 2196 2411 meritis?
2223 2326 2457 2438 Quae

605 2443 966 2555 princeps
1007 2446 1156 2531 iste
1196 2450 1542 2564 populus
1604 2484 1755 2569 pro
1818 2453 2183 2541 libertate
2222 2456 2459 2568 gessit

603 2598 798 2681 aua,-
836 2571 1042 2661 sicut
1083 2576 1537 2691 multoties,
1600 2612 1843 2701 quam
1911 2616 2009 2671 ex
2072 2583 2395 2671 foedere
2422 2652 2449 2693 ,

595 2700 801 2789 aicut
843 2694 1184 2821 semper,
1217 2740 1657 2829 nunquam,
1686 2714 1927 2821 enim,
1970 2716 2049 2800 in
2092 2714 2237 2803 hac
2275 2746 2450 2831 par-

595 2851 676 2915 te
714 2831 1004 2941 defecit
1032 2902 1058 2944 ‚
1098 2868 1362 2923 nonne
1401 2842 1709 2929 licitum
1755 2844 2111 2930 moribus
2138 2870 2279 2953 est,
2309 2846 2457 2933 im-

574 2969 1154 3077 properatione
1193 2994 1615 3088 aequeatra‚
1654 2974 1737 3061 in
1778 2972 2112 3095 aliorum
2166 2976 2447 3063 exhor-

594 3096 973 3183 tationem
1001 3167 1026 3207 ,
1065 3124 1146 3185 et
1192 3102 1677 3218 exemplum,
1714 3129 1794 3191 et
1833 3106 1916 3191 in
1958 3110 2455 3193 consecutio-

589 3252 772 3311 nem
817 3228 1376 3317 vicissitudinis
1443 3238 1900 3321 recensere?
1965 3234 2089 3321 An
2158 3236 2443 3353 inane.

585 3350 708 3436 vel
741 3380 1150 3446 ventosum
1193 3386 1311 3449 est
1351 3360 1468 3471 id,
1494 3362 1715 3483 quod
1758 3364 2039 3453 nititur
2068 3367 2443 3451 veritate?

587 3483 672 3569 Si
717 3483 1000 3577 vellem
1039 3486 1348 3577 domini
1388 3494 1547 3605 tui,
1614 3520 1783 3581 tua·
1816 3524 2185 3611 nequeo,
2242 3524 2433 3581 cum

583 3611 994 3731 ignorem3
1043 3622 1105 3708 ai
1161 3622 1444 3711 vellem
1474 3692 1502 3732 ‚
1542 3605 1867 3745 inquam
1895 3692 1920 3733 ,
1958 3625 2267 3711 domini
2323 3624 2443 3707 tui

589 3743 784 3837 facta
805 3816 832 3860 ,
857 3750 1230 3873 dictaque
1247 3820 1272 3864 ‚
1297 3754 1599 3873 quibua
1614 3758 2061 3851 ,iactantiam
2080 3825 2107 3867 ,
2135 3781 2225 3843 et.
2242 3758 2449 3845 imo-
