2981 4742
704 450 711 461 ,
2135 363 2294 481 ,147

500 501 781 593 offensi.
856 500 1007 587 sint
1039 532 1093 609 ‚·
1142 501 1638 590 intercedere
1719 533 1802 590 se
1859 502 2360 619 disponant,

506 634 737 753 quod
784 632 1167 717 honorare
1208 634 1645 746 dignentur
1689 633 1991 726 hostem
2021 706 2048 746 ‚
2101 663 2191 725 ut
2253 621 2369 727 le*
2496 732 2500 737 ,

377 759 383 767 ’
508 769 818 879 gatione
886 765 1089 873 regia
1156 763 1581 849 dominum
1653 790 1886 853 tuum
1943 795 2314 856 moueant
2344 837 2372 883 ‚

511 919 783 1009 rogent
817 962 840 1003 ,
884 894 1014 979 vel
1055 896 1456 1011 requiram
1490 963 1514 999 ‚
1560 919 1647 979 ut
1689 896 1790 981 ab
1829 899 2068 999 armis
2119 899 2372 985 disce-

508 1028 645 1113 dat
674 1094 697 1135 ,
738 1050 815 1111 et
857 1026 1057 1139 regis
1098 1028 1349 1111 socios
1396 1026 1726 1111 ulterius
1769 1059 1928 1137 nou
1969 1030 2372 1121 offendat?

510 1161 717 1245 Tam
747 1188 846 1239 ne
888 1188 1131 1241 vanus
1170 1188 1253 1241 es
1292 1179 1409 1265 tu,
1450 1179 1532 1241 et
1574 1154 1754 1266 alii,
1795 1189 1906 1258 ue,
1937 1157 2372 1249 dominum

516 1312 873 1371 vestrum
952 1286 1212 1371 dicam
1246 1353 1269 1393 ‚
1350 1284 1716 1403 adeoque
1801 1287 2026 1385 vobis
2107 1288 2375 1381 nescio

512 1418 715 1535 quid
754 1415 859 1499 de
900 1417 1354 1531 principatu
1424 1416 1666 1501 totius
1732 1415 1996 1504 Italiae
2064 1450 2382 1533 persua-

524 1546 760 1657 sistis,
796 1571 884 1631 ut
922 1542 1475 1657 dignissimum
1520 1546 1927 1661 reputetiS,
1964 1549 2206 1633 etiam
2245 1544 2387 1635 de·

532 1680 717 1765 bere
786 1678 1271 1791 principum·
1308 1676 1702 1792 principes
1734 1702 2117 1781 *vestrum
2157 1674 2378 1769 hunc

518 1808 811 1895 ducem
856 1808 1119 1893 verbis
1150 1874 1173 1917 ,
1208 1832 1288 1891 et
1329 1806 1550 1893 factis
1581 1874 1605 1913 ,
1671 1806 1895 1893 velut
1958 1838 2372 1897 summum

524 1936 836 2056 aliquid
921 1936 1362 2030 honorare?
1424 1934 1592 2024 Sed
1631 1936 1857 2025 absit
1914 1962 2002 2028 ut
2058 1942 2199 2057 qui
2264 1965 2390 2055 ty-

522 2076 841 2153 rannice
882 2065 1247 2153 subditos
1288 2067 1696 2181 opprimit,
1739 2070 2046 2186 quique
2091 2069 2210 2177 vi,
2253 2100 2388 2183 pe·-

515 2200 744 2283 cunia
768 2190 1200 2314 ,dolisque
1240 2229 1481 2311 super
1545 2230 1820 2285 omnes
1884 2201 2388 2313 tyrannidem

522 2330 946 2416 extendere
986 2358 1299 2440 semper
1339 2330 1702 2446 quaerit,
1744 2360 1783 2410 a
1828 2328 2215 2440 legitimis,
2261 2361 2390 2412 ve-

536 2461 810 2576 risque
852 2459 1339 2572 principibus
1381 2458 1608 2545 cultu
1654 2458 1828 2544 talis
1870 2449 2390 2553 honorificen-

538 2590 693 2673 tiae
735 2585 1184 2673 celebretur
1210 2647 1232 2668 .
1274 2588 1505 2700 Quid
1565 2613 1825 2675 autem
1869 2589 1970 2674 de
2012 2593 2342 2690 Caesare
2372 2659 2394 2701 ,

536 2717 666 2804 vel
702 2718 1157 2806 ‘Germania
1200 2721 1601 2827 somnias,
1667 2719 1963 2837 quibus
2031 2722 2111 2803 in
2180 2719 2392 2804 ltalia

538 2847 735 2934 nihil
776 2849 1239 2954 inimicitius
1281 2880 1518 2967 quam
1563 2875 1746 2936 tuus
1787 2851 2160 2936 dominus
2225 2884 2385 2934 esse

536 2977 811 3083 debet,
846 2980 986 3095 qui
1031 2977 1322 3064 iustum
1364 2980 1831 3068 sacrosancti
1878 2979 2203 3094 Imperii
2251 2981 2395 3062 do-

534 3112 919 3194 minatum
974 3107 1127 3192 snb
1167 3111 1534 3196 Caesarei
1595 3111 2005 3197 vicariatus
2060 3112 2394 3212 obtentu

538 3237 944 3322 crudelem
976 3240 1054 3323 in
1087 3240 1586 3355 tyrannidem
1645 3243 2212 3327 commutavit?
2243 3244 2401 3343 De-

532 3366 789 3454 bitum
830 3367 1183 3456 Caesaris
1224 3395 1390 3478 est,
1438 3389 1520 3456 et.
1559 3371 2081 3459 obtinentium
2139 3371 2402 3486 Impe-⁸

542 3498 631 3583 rii
683 3499 1265 3614 principatum,
1302 3531 1764 3589 succurrere
1825 3502 2136 3628 populis
2167 3569 2188 3609 ,
2255 3509 2393 3620 'op-

541 3626 883 3738 primere
928 3629 1337 3738 violentOS‚
1368 3627 1872 3743 tyrannidem
1915 3619 2398 3744 extinguere,

546 3760 625 3838 et
660 3786 763 3848 ue
806 3787 1097 3848 nomeu
1166 3759 1652 3848 adulteretur
1695 3759 2009 3874 Imperii
2043 3826 2066 3868 ,
2133 3766 2399 3874 provi-

2238 3953 2290 3965 ..μ
2335 3935 2441 3982 φῦ
