2981 4742
681 486 859 553 ran's
898 470 1116 586 qnod
1162 464 1779 584 magnitudinem
1821 470 2047 584 pretii
2093 467 2298 553 ferre
2337 495 2504 550 non

688 626 1004 712 possent
1044 604 1371 716 inopes,
1436 601 1988 720 quotidianum
2042 626 2322 711 panem
2387 598 2510 677 orss

680 729 900 851 (linat
929 797 950 835 ,
995 732 1417 847 multisque
1458 731 1646 815 locis
1685 730 1900 813 urbis
1941 726 2159 810 velut
2229 752 2516 837 penora

676 859 1002 964 statuit,
1045 861 1178 942 ubi
1228 864 1443 973 panis
1509 859 1642 941 vili
1714 858 1965 971 pretio
2021 852 2512 970 'pauperibus

677 986 891 1071 iuxta
932 983 1263 1070 familiae
1307 1016 1728 1072 numerum
1793 986 2338 1097 dispensatur3
2375 1002 2517 1063 stat
2635 1026 2642 1032 ·
2683 1024 2688 1028 ·

676 1138 758 1197 et
795 1115 1043 1197 farina
1082 1116 1393 1227 publica
1428 1146 1738 1229 semper
1777 1117 1856 1198 in
1899 1116 2074 1198 foro
2139 1111 2268 1196 tali
2342 1138 2518 1221 pre-

680 1244 831 1346 tio,
864 1247 1087 1359 quod
1133 1276 1287 1329 non
1332 1270 1663 1358 possunt
1700 1243 1990 1330 divites
2016 1309 2042 1350 ,
2080 1241 2370 1357 quibus
2398 1268 2530 1322 ve-

680 1371 880 1456 nalia
924 1371 1307 1458 frumenta
1378 1399 1614 1480 sunt,
1666 1403 2046 1488 pauperes
2112 1367 2529 1475 obsidere,

679 1499 975 1617 talique
1052 1502 1446 1615 diligentia
1515 1534 1634 1587 res
1699 1504 2210 1588 frumentaria
2266 1501 2527 1614 dispo-

680 1631 947 1737 nitur,
987 1629 1207 1747 quod
1274 1632 1452 1739 illa,
1493 1664 1650 1751 qua
1721 1655 2189 1746 premuntur
2241 1630 2530 1737 vicini,
2599 1638 2608 1648 '

678 1758 1049 1843 caritudo
1088 1763 1285 1845 intra
1328 1788 1584 1845 nostra
1627 1762 1934 1847 moenia
1977 1790 2138 1844 non
2167 1762 2527 1844 sentitur.

696 1890 931 2001 Quae
972 1892 1304 2007 quidem
1346 1893 1742 2004 provisio,
1783 1918 2044 1976 nostra
2108 1890 2480 1973 memoria
2510 1953 2537 1996 ‚

690 2017 933 2103 solius
1008 2023 1190 2102 anni
1254 2022 1506 2130 spatio
1547 2086 1570 2125 ,
1627 2020 1804 2134 plus
1865 2018 2220 2105 exhausit
2287 2046 2530 2134 quam

692 2174 1011 2235 centnm
1040 2176 1119 2233 et
1150 2151 1719 2267 quinquaginta
1749 2149 1984 2233 millia
2015 2148 2531 2255 florenorum3

686 2308 833 2361 nee
876 2308 1223 2398 unquam
1266 2280 1634 2362 incubuit
1677 2304 1834 2363 tarn
1879 2282 2166 2393 gravis,
2193 2300 2282 2360 -et
2321 2304 2525 2360 acer-

684 2409 782 2495 ba
825 2409 1114 2518 fames,
1154 2414 1375 2526 quod
1442 2412 1679 2496 etiam
1743 2408 2083 2495 forenses
2153 2437 2530 2522 pauperes

685 2538 1165 2652 pellerentur
1205 2539 1437 2646 urbe,
1478 2541 1619 2656 qui
1663 2563 2060 2646 venerant,
2103 2537 2227 2621 vel
2270 2534 2529 2651 prohi-

551 2685 567 2701 '
692 2667 1077 2754 berentur
1115 2671 1446 2753 introitu
1490 2667 1636 2786 qni
1686 2668 2091 2753 venirent.
2133 2666 2245 2749 Et
2284 2693 2531 2781 quan·
2617 2757 2632 2772 ⁶

680 2795 793 2879 do
826 2799 1091 2900 ,eredis
1131 2801 1400 2884 Deum
1445 2823 1702 2882 tantae
1745 2794 2316 2881 misericordiae
2361 2823 2524 2874 me-

688 2926 855 3008 ritis
895 2925 1425 3012 defuturum?
1466 2922 2038 3038 Cogitaverunt
2103 2927 2255 3038 iam'
2322 2916 2530 3006 Offi-

692 3053 923 3140 ciales
962 3056 1362 3142 Ecclesiae
1408 3057 1608 3140 fame
1651 3086 1804 3140 nos·
1829 3055 2303 3167 opprimere,
2341 3079 2527 3134 cum

689 3183 950 3268 Sicilia
1010 3183 1286 3288 simul,
1325 3208 1405 3270 et
1449 3181 1739 3296 Apulia
1805 3181 2239 3267 caritudine
2302 3177 2517 3260 labo·

692 3333 999 3420 tarent,
1040 3336 1115 3397 et
1181 3312 1429 3396 ferme
1493 3309 1897 3430 quidquid
1962 3332 2127 3394 erat
2191 3309 2272 3392 in
2314 3303 2527 3390 Italia

666 3441 1070 3550 ‚frumenti
1103 3507 1125 3546 ‚
1167 3450 1425 3524 totum
1467 3443 1548 3525 in
1591 3439 1953 3525 manibus
1989 3468 2264 3524 eorum
2305 3457 2524 3522 esset.

615 3669 625 3680 ,
692 3571 854 3685 Sed
899 3572 1200 3687 aperuit
1245 3572 1457 3655 Deus
1497 3570 1720 3656 nobis
1759 3569 2095 3677 insulas,
2137 3563 2530 3688 echon-ea

602 3794 608 3799 ,
690 3703 1213 3815 Paganorum,
1260 3700 1886 3820 ministravitque
1913 3698 2134 3788 nobis
2161 3695 2532 3784 Maurita-
