2981 4742
767 309 932 398 186

685 453 762 532 in
833 455 1146 568 ipsum,
1209 453 1398 562 dic,
1460 456 1845 564 obsecro,
1910 455 2216 546 bellum
2254 449 2531 546 -seciti’

679 585 887 694 Quis
925 586 1161 670 etiam
1225 611 1507 672 contra
1568 612 1861 674 statum
1928 620 2167 674 suum
2232 589 2539 708 aliquid

674 717 1126 823 attentavit,
1167 742 1305 801 aut
1346 747 1583 802 ausus
1610 717 1760 802 fuit
1807 749 1949 829 pro
1988 720 2531 834 magnitudine

676 849 1066 955 potentiae
1105 848 1497 959 cogitare?
1534 847 1645 934 Et
1688 851 1868 962 quis
1931 849 2135 933 adeo
2198 846 2485 935 stultus
2511 916 2535 958 ,

672 977 810 1082 qni
858 975 1069 1061 bello
1109 1003 1481 1089 provocet
1522 980 2132 1092 potentiorem?
2170 981 2379 1093 Quis
2444 983 2529 1067 in

673 1103 882 1188 ltalia
961 1104 1408 1203 dominatus
1437 1172 1460 1210 ‚
1538 1111 1681 1224 qui
1758 1134 2025 1192 contra
2096 1111 2529 1222 potentiam

669 1263 890 1316 suam
931 1232 1262 1318 auderet
1323 1234 1530 1319 'bella
1601 1267 1916 1320 movere
1943 1240 1999 1338 Ρ,
2036 1240 2313 1324 Vnum
2377 1241 2525 1322 sci-

673 1393 848 1478 mus
877 1429 898 1468 ‚
942 1362 1164 1478 quod
1207 1387 1286 1449 et
1326 1389 1402 1448 te
1431 1431 1453 1472 ,
1497 1364 1677 1450 lIcet
1746 1368 2075 1450 insanias
2104 1433 2126 1472 ,
2166 1392 2529 1478 negatum

675 1491 792 1575 ire
822 1523 990 1576 non
1035 1493 1372 1577 arbitror
1401 1560 1422 1600 ,
1464 1495 1688 1608 quod
1736 1525 2151 1611 nunquam
2193 1525 2535 1580 necessa·

675 1625 901 1744 rium¹
927 1621 1229 1713 bellum
1273 1624 1587 1730 intulit,
1632 1622 1755 1709 vel
1794 1629 2133 1739 suscepit
2161 1690 2182 1711 .
2225 1624 2536 1711 Volun-

673 1755 858 1836 taria
937 1779 1248 1866 semper
1324 1785 1535 1836 arma
1619 1757 1864 1837 movit
1907 1819 1929 1860 ,
1992 1745 2465 1840 'voluntaria
2506 1809 2531 1862 ·,

673 1911 926 1996 eaque
967 1882 1131 1996 ipsa
1177 1880 1490 1988 nefaria,
1526 1882 1721 1969 bella
1752 1888 2001 1995 gessit.
2048 1886 2300 1995 Rupta
2342 1879 2532 1992 fide,

675 2012 971 2121 violata
1016 2041 1198 2124 pace
1232 2075 1254 2116 ,
1287 2011 1757 2128 calcatisque
1826 2011 2273 2095 foederibus
2299 2076 2322 2117 ,
2365 2011 2531 2120 bel-

681 2137 951 2224 lacitet·
1014 2171 1320 2254 semper
1385 2164 1665 2225 cuncta
1737 2139 2084 2224 turbavit
2124 2204 2147 2226 .
2224 2141 2587 2226 Poterat.

669 2303 905 2382 omne
933 2270 1484 2389 bellum,quod
1507 2259 2273 2384 insurgeret,poterat
2292 2301 2528 2356 omne
2628 2256 2635 2265 ¹

674 2403 1128 2488 scandalum
1167 2400 1595 2517 pallulam,
1636 2424 1816 2485 ante
1856 2405 2333 2487 nativitatem
2362 2468 2385 2506 ‚
2444 2426 2525 2487 et

671 2535 753 2617 in
798 2535 970 2648 ipso
1008 2556 1395 2643 conceptu
1459 2529 2007 2634 contundere,
2071 2520 2521 2645 totamque,
2600 2624 2607 2633 ¹

667 2666 730 2747 si
775 2662 1197 2768 voluisset,
1241 2660 1537 2745 ltaliam
1582 2661 1928 2746 bonitate
1956 2725 1978 2761 ‚
2018 2684 2098 2741 et
2162 2657 2523 2741 humani·

673 2815 836 2875 tate
878 2824 1016 2876 sua
1055 2821 1360 2875 summa
1407 2791 1613 2903 pacis
1639 2786 2064 2874 dulcedine
2092 2788 2523 2873 continere.

594 2903 600 2910 ’
665 2921 1028 3033 Qualiter
1068 2921 1218 3007 hoc
1257 2921 1529 3006 fecerit
1566 2918 1821 3006 tribus
1863 2918 2111 3024 hellis,
2140 2951 2345 3037 quae
2386 2950 2531 3002 no-

667 3053 789 3139 bis
830 3053 1146 3159 intulit,
1187 3052 1719 3177 duobusque,
1764 3049 2057 3167 quibus
2094 3049 2515 3134 Veronen-

636 3218 880 3293 sem,
923 3211 1002 3273 et
1041 3184 1507 3271 Paduanum
1546 3182 1879 3274 confecit
1920 3178 2333 3293 dominos,
2372 3179 2511 3265 de-

661 3318 1044 3407 claravit.
1121 3318 1436 3403 Ducem
1496 3342 1827 3426 semper
1906 3311 2181 3396 habuit
2262 3247 2515 3393 ambi-

663 3453 1016 3559 tionem3
1055 3444 1258 3536 hanc
1299 3466 1614 3536 secutus
1654 3445 1891 3526 omni
1912 3438 2116 3543 fide,
2157 3462 2235 3527 et
2276 3440 2519 3523 hone·

660 3603 882 3687 state,
923 3576 1236 3665 foedera
1277 3572 1572 3679 divina,
1616 3569 2115 3688 humanaque
2145 3569 2523 3657 turbavit.

663 3709 862 3819 Quo
905 3702 1366 3791 dominandi
1405 3730 1632 3816 spes,
1694 3724 1773 3787 et
1840 3698 2073 3785 flatus
2138 3664 2458 3813 impulit
2492 3761 2518 3805 ,

524 2500 569 2524 f
