2981 4742
2151 401 2180 454 1
2208 401 2238 458 t-

463 513 906 601 sceleribus
942 541 1298 628 poenam
1371 519 1929 630 meritumque
1995 499 2310 629 suppli-

446 649 672 730 cium
748 649 1444 763 consequamini?
1521 649 1901 732 Dabitur
1978 677 2083 732 ne
2147 647 2307 731 ali-

452 772 790 892 quando
855 793 1172 861 vestrae
1241 780 1719 887 cuiuspiam
1790 776 2308 862 calamitatis

451 909 811 1020 insignis
851 905 1237 1016 exemplo
1264 971 1288 1014 ,
1326 910 1445 992 sic
1486 911 1745 993 vestri
1780 907 2100 992 similes
2165 901 2309 990 cle·

473 1039 805 1140 terreri,
844 1055 925 1121 et
981 1041 1102 1121 sic
1143 1039 1235 1121 in
1273 1042 1705 1123 aerumnis
1733 1041 2027 1123 vestris
2068 1064 2313 1122 suum

421 1161 941 1276 formidare
983 1163 1495 1274 discrimen,
1534 1185 1635 1254 ut
1698 1167 2147 1253 calamitas
2213 1163 2315 1250 il-

456 1296 546 1380 la
612 1294 1004 1384 videatur
1069 1327 1239 1384 non
1303 1298 1575 1384 solum
1639 1302 1866 1383 iusta
1921 1301 2016 1381 in
2069 1295 2321 1382 ultio-

464 1458 572 1512 ne
602 1491 626 1533 ,
667 1425 816 1511 sed
855 1431 1114 1514 etiam
1141 1428 1374 1513 utilis
1413 1432 1507 1514 in
1547 1413 1995 1540 exemplo?
2027 1429 2313 1517 Erunt

461 1589 570 1644 ne
609 1556 784 1668 ullo
821 1575 1188 1671 tempore
1215 1563 1336 1644 sic
1363 1576 1637 1646 vestra
1675 1557 2037 1664 detecta,
2064 1575 2319 1674 atque
2426 1554 2433 1560 ’

463 1686 759 1772 delusa
790 1693 1266 1803 praestigia
1293 1752 1318 1797 ,
1356 1695 1449 1775 in
1512 1689 1809 1808 quibus
1872 1714 2121 1772 omne
2184 1713 2313 1773 ve-

461 1837 726 1902 strum
797 1817 1328 1932 praesidium
1394 1819 1907 1906 collocatum
1974 1829 2099 1904 est
2128 1882 2152 1924 ‚
2221 1833 2321 1902 ut

375 2021 388 2028 -
465 1951 844 2035 oculatae
873 1968 1204 2035 ceterae
1219 1967 1513 2070 gentes
1538 1966 2035 2062 appareant,
2053 1979 2215 2049 vos,
2233 1964 2329 2032 ut

467 2086 707 2186 estis,
747 2085 1207 2190 vanissimi,
1272 2099 1356 2168 et
1421 2082 2171 2168 caecutientissimi
2208 2081 2323 2168 vi-

473 2209 854 2297 deamini
885 2217 934 2296 P
2179 2323 2185 2330 Ι

581 2343 992 2456 Principio
1057 2339 1388 2459 quidem
1417 2407 1440 2451 ,
1496 2345 1703 2428 sicut
1766 2339 1999 2425 dictis
2066 2336 2323 2423 verbis

475 2472 946 2583 exprimitur
975 2537 998 2579 ,
1035 2474 1118 2554 in
1187 2472 1423 2555 huius
1488 2472 1862 2556 orationis
1928 2468 2280 2581 auspicio
2306 2534 2332 2575 ‚

471 2603 732 2686 tribus
775 2601 976 2683 votis
1004 2667 1027 2709 ,
1073 2598 1297 2686 velut
1337 2631 1711 2686 accensus
1750 2602 1832 2683 in
1877 2600 2069 2683 iram
2105 2668 2127 2707 ‚
2166 2600 2319 2683 mi-

466 2729 816 2814 rabiliter
857 2728 1428 2814 excandescens
1459 2798 1481 2840 ,
1525 2748 1688 2812 non
1728 2728 1953 2814 aliter
1981 2760 2223 2848 qnam
2264 2728 2330 2814 si

472 2860 734 2965 diras,
775 2856 998 2975 quod
1069 2882 1458 2943 extremae
1528 2861 2091 2975 desperationis
2159 2883 2277 2943 est
2305 2925 2329 2966 ,

405 3020 414 3039 ⁴
475 3014 815 3101 exoptes
848 3057 870 3094 ‚
907 3015 985 3073 et
1024 2986 1309 3073 clames
1337 3057 1360 3096 ,
1423 2992 1898 3075 Florentinis
1978 2988 2331 3101 indignas

482 3150 798 3233 poenas,
837 3119 1390 3237 immeritaqne
1429 3120 1807 3237 supplicia
1838 3120 2095 3204 verbis
2124 3146 2336 3201 acer-

475 3252 696 3334 rimis
739 3250 1188 3364 imprecaris
1217 3316 1236 3337 .
1279 3252 1538 3365 Cupis
1578 3254 1688 3336 sic
1729 3253 1934 3363 ipsos
2000 3249 2334 3359 alicuius

493 3379 954 3467 calamitatis
1035 3383 1273 3468 exitio
1335 3385 1456 3466 sni
1520 3380 1912 3488 similibus
1980 3377 2343 3495 exemplo

476 3512 648 3592 fore
680 3578 701 3611 ,
747 3510 969 3627 qnod
1016 3512 1374 3596 videntes
1415 3532 1823 3617 metuant,
1862 3536 1939 3594 et
1982 3510 2179 3593 iusta
2230 3510 2329 3593 sit

377 3698 381 3707 -
482 3668 626 3749 pro
667 3640 881 3723 factis
926 3639 1162 3747 ultio,
1205 3670 1352 3725 nec
1391 3638 1550 3723 non
1594 3640 1808 3724 utilis
1839 3642 1917 3722 in
1952 3638 2337 3751 exemplo,

486 3766 746 3883 Cupis
773 3769 882 3855 sic
913 3796 1166 3857 nostra
1208 3768 1601 3856 denudari
1643 3769 2088 3885 praestigia,
2114 3766 2338 3885 qnod
