2981 4742
2200 256 2354 338 183

454 395 459 400 ’
564 419 761 511 quas
797 423 1079 512 sponte
1118 401 1347 488 nobis
1389 423 1564 512 post
1606 397 2191 486 insultationem
2261 429 2400 478 no·

556 543 897 612 atrorum
942 523 1225 615 finium
1272 527 1572 616 bellum
1622 528 1840 612 velut
1897 525 2133 610 bostis
2201 525 2410 610 indi·
2455 582 2461 595 ι

554 655 1115 767 xit,·praefatus
1154 690 1237 743 se
1279 689 1556 772 pacem
1599 659 1944 742 Italicam
1990 659 2403 768 optavisse.
2503 647 2508 656 ’

556 783 839 868 Pacem
882 816 979 870 ne
1018 790 1241 899 cupit
1274 853 1299 895 ,
1336 789 1481 904 qui
1526 787 1739 870 nulla
1783 789 2074 870 ratione
2107 784 2406 870 bellum

558 911 793 997 infert·
824 982 845 1020 ‚
916 913 1213 1000 bellum
1294 915 1774 1030 denunciat,
1834 939 1919 999 et
2003 915 2346 997 minatur
2373 915 2414 1000 ἱ)

560 1043 839 1128 Pacem
882 1075 983 1128 ne
1022 1044 1275 1156 diligit
1305 1110 1327 1149 ,
1369 1046 1548 1159 qui-
1589 1042 1840 1151 belle,
1905 1042 2128 1160 quod
2202 1043 2407 1128 inter

560 1170 1027 1258 Paduanum
1056 1241 1078 1280 ,
1118 1199 1197 1258 et
1236 1175 1776 1260 Veronensem
1845 1173 2208 1258 dominos
2275 1203 2399 1284 ge-

562 1300 922 1410 rebatur,
962 1335 1045 1387 se
1089 1304 1588 1418 permiscens,
1632 1302 1954 1408 malum,
1995 1300 2220 1417 quod
2259 1304 2412 1389 iam

568 1434 1007 1540 tepescebat
1037 1501 1059 1535 ,
1104 1438 1498 1544 integrans
1526 1499 1548 1538 ‚
1619 1433 2168 1547 dividensque,
2213 1462 2402 1516 cum
2509 1517 2516 1524 ,

560 1564 781 1644 socio
815 1563 1057 1676 spolia
1088 1631 1111 1670 ,
1154 1565 1678 1678 pactionibus,
1719 1595 1915 1680 quas
1956 1586 2408 1674 servaturus

567 1721 723 1773 non
766 1717 962 1778 esset
992 1759 1014 1800 ,
1046 1695 1484 1782 'ambitione
1551 1694 1710 1778 sola
1740 1761 1763 1800 ,
1816 1697 2018 1779 sicut
2089 1719 2407 1806 pactum

556 1819 893 1908 docebat
922 1892 947 1934 ,
984 1850 1063 1912 et
1102 1825 1523 1912 declaravit
1559 1827 1860 1932 exitus,
1904 1823 2202 1910 bellum
2243 1855 2410 1936 gea·

569 1956 665 2036 sit
693 1940 1049 2040 P‘Pacem
1094 1986 1195 2041 ne
1235 1953 1522 2066 diligit,
1548 1958 1691 2056 qui
1735 1954 1928 2038 socii
1966 1956 2410 2066 portionem

568 2108 839 2168 contra
882 2082 1171 2194 fidem,
1218 2110 1299 2170 et
1336 2086 1618 2170 foedus
1647 2115 1786 2199 per
1815 2085 2230 2194 coniugem
2279 2113 2413 2172 oc-

560 2243 903 2323 cupans,
970 2246 1153 2300 mox
1194 2216 1275 2299 in
1318 2217 1628 2300 socium
1685 2213 2230 2324 foedifragium
2289 2213 2413 2302 iu-

556 2341 885 2425 stissime
914 2339 1562 2459 conquerentem,
1591 2339 2170 2425 sceleratissime
2198 2339 2408 2427 bello

554 2470 801 2579 surgit
835 2534 858 2573 ,
893 2472 1316 2585 ipsumque
1346 2537 1368 2576 ‚
1409 2474 1684 2553 iuncto
1723 2500 1909 2553 cum
1950 2473 2397 2556 communi-

544 2593 697 2677 bus
738 2597 1075 2681 inimicis
1112 2597 1473 2705 foedere,
1513 2598 1616 2680 de
1659 2599 1873 2681 socio
1936 2598 2350 2687 inimicum
2379 2668 2404 2712 ,

546 2723 649 2805 de
690 2720 1023 2810 domino
1062 2756 1379 2811 servum
1410 2794 1433 2832 ,
1472 2730 1578 2811 de
1618 2725 1868 2810 divite
1918 2756 2342 2839 pauperem
2373 2796 2401 2835 ‚

555 2854 660 2934 de
700 2854 927 2939 felice
968 2858 1500 2942 miserrimum
1568 2856 1780 2941 bello
1847 2856 2093 2942 facit?
2157 2856 2390 2970 Quid

544 3006 661 3066 est
693 2984 845 3070 hoc
888 2988 1029 3069 nisi
1062 3018 1356 3099 ponere
1396 2991 1518 3073 ius
1561 2990 1642 3072 in
1684 2989 1916 3072 armis
1945 3054 1966 3094 ,
2009 2987 2151 3071 nisi
2187 2986 2390 3073 velle

537 3136 842 3197 tantum
888 3138 1273 3226 praestare
1313 3112 1577 3224 causa,
1620 3142 2012 3235 quantum
2041 3148 2120 3201 se
2149 3118 2390 3203 sentit

534 3244 893 3329 antistare
940 3246 1342 3356 potentia?
1382 3248 1828 3334 Nobiscum
1867 3260 2148 3330 autem·
2202 3274 2392 3332 cum

536 3372 767 3483 ligam
799 3442 824 3483 ,
858 3400 936 3461 et
980 3376 1483 3462 concordiam
1525 3375 1905 3463 firmasset
1945 3378 2026 3459 in
2068 3374 2391 3489 civitate

522 3502 821 3609 Pisana,
852 3505 1081 3590 cuius
1110 3506 1485 3621 primum,
1511 3532 1592 3591 et
1631 3503 2058 3621 principale
2085 3498 2388 3615 capitu-

519 3624 687 3714 lum
714 3655 903 3740 erat,
930 3632 1030 3718 ad
1059 3665 1140 3721 se
1172 3659 1461 3723 mutuo
1504 3633 1949 3722 nullatenus
1985 3629 2388 3717 offenden-
