2981 4742
2172 299 2275 384 25
2338 357 2345 364 ·

493 477 590 532 ne
651 443 1138 534 crediderim
1177 442 1282 528 de
1321 471 1574 557 parvo
1632 445 2019 558 principio
2048 509 2073 551 ‚
2138 444 2337 528 sient

381 597 402 656 ¹
487 581 876 692 contingit
911 579 994 660 in
1037 575 1404 692 reliquis,
1443 573 2077 684 gloriosissimum
2120 571 2337 658 hnne

414 744 434 752 ··
487 708 880 820 populum
909 772 932 813 ‚
961 705 1404 820 urbemque
1441 701 2058 809 celeberrimam,
2094 731 2339 818 qnam

505 837 884 921 babemus
911 903 938 942 ‚
977 866 1140 919 non
1181 857 1440 919 tamen
1487 833 1811 946 ignobili
1856 834 2335 948 processisse.

495 969 802 1052 Verum
833 997 1017 1052 cum
1049 965 1587 1082 antiquissima
1628 966 1893 1048 civitas
1924 961 2343 1047 Faesulana

491 1099 570 1182 in
613 1099 834 1182 urbis
877 1097 1112 1180 huius
1153 1123 1446 1207 corpus
1473 1159 1497 1199 ‚
1562 1095 1727 1178 sive
1793 1092 2003 1179 bello
2036 1161 2060 1194 ,
2100 1117 2191 1178 ut
2234 1091 2345 1176 sa·

490 1253 615 1309 ma
655 1251 770 1310 est
800 1291 823 1331 ‚
863 1226 1028 1308 sive
1067 1253 1302 1337 pace,
1342 1224 1591 1334 captis
1614 1224 2007 1308 montanis
2032 1221 2343 1308 civibus

490 1355 964 1438 amoenitate
1039 1350 1194 1436 loci
1232 1417 1257 1460 ‚
1337 1350 1810 1437 confluxerit
1847 1419 1871 1459 ‚
1949 1351 2337 1468 sedesque

489 1511 672 1566 suas
707 1481 1120 1598 reliquerit
1149 1546 1173 1587 ,
1213 1482 1507 1565 nemini
1562 1481 1905 1568 dubium
1972 1511 2135 1566 esse
2202 1511 2347 1593 poa

489 1635 669 1718 test,
709 1613 988 1696 urbem
1031 1609 1228 1696 hane
1264 1610 1667 1724 angustius
1724 1641 1969 1730 qnam
2012 1634 2341 1724 putetur

491 1743 806 1826 initium
849 1741 1252 1829 habuisse.
1297 1739 1553 1852 Quod
1590 1742 1658 1825 si
1698 1771 1841 1839 noo
1880 1739 2110 1826 lateat
2174 1769 2337 1825 non

495 1893 610 1956 est
651 1873 966 1956 mirum.
992 1869 1230 1977 Nam,
1269 1893 1362 1954 nt
1400 1892 1719 1955 externa
1761 1895 2329 1985 pertranseam,

345 1985 363 1993 ⁶
495 1999 1148 2087 urbisRomanae
1217 1999 1567 2110 primum
1634 2001 2113 2114 principium
2147 2065 2169 2102 ‚
2208 2000 2343 2084 die
2388 2031 2393 2036 ·

499 2126 722 2235 mihi,
757 2130 939 2246 quis
979 2127 1266 2214 novit?
1302 2127 1679 2240 Legimus
1721 2128 2222 2233 Evandrum,
2260 2149 2343 2216 et

417 2284 430 2300 “
498 2253 841 2346 Arcadas
879 2285 1064 2342 cum
1103 2255 1279 2342 fatis
1306 2321 1330 2364 ‚
1367 2281 1456 2341 ut
1494 2259 1720 2344 aiunt
1748 2323 1773 2366 ,
1812 2283 2127 2345 auctore
2156 2257 2345 2342 Car-

459 2405 794 2492 ‘mente,
831 2416 972 2497 per
1009 2386 1400 2499 Tyberim
1442 2388 1813 2475 intrantes
1850 2388 2150 2473 Italiam
2204 2418 2341 2503 ap·

499 2515 912 2630 polissent,
931 2513 1068 2599 ubi
1099 2540 1366 2629 postea·
1385 2517 1700 2635 condita
1727 2520 1983 2605 Roma
2009 2518 2123 2603 fui
2132 2543 2188 2626 t,
2202 2548 2341 2631 op-

496 2644 782 2759 pidum
863 2645 1299 2754 invenisse,
1351 2645 1586 2763 quod
1662 2647 1946 2735 Latino
2019 2651 2337 2763 nomine

494 2777 899 2867 Valentia
939 2772 1897 2881 dicebam-‚Vocabulum
1937 2782 2164 2865 cuius
2190 2778 2339 2865 Ar-

491 2905 721 2990 cades
789 2927 1174 2990 vertentes
1229 2906 1310 2989 in
1353 2906 1759 2993 Graecum
1788 2976 1812 3015 ‚
1852 2908 2057 2997 iuxta
2114 2910 2335 2996 verbi

417 3100 472 3183 k
491 3029 1137 3145 significationem
1165 3098 1188 3139 ,
1229 3031 1588 3121 Rhomen
1628 3066 1773 3151 pro
1800 3038 2162 3125 Valentia
2192 3068 2333 3125 vo-

485 3162 858 3249 caverunt
887 3228 906 3250 .
948 3162 1188 3250 Vnde
1225 3164 1619 3253 creditum
1660 3198 1702 3251 a
1742 3171 2147 3255 nonnullis
2184 3194 2327 3275 est,

494 3291 838 3379 inditum
877 3292 1174 3379 Romae
1215 3324 1505 3382 nomen
1536 3364 1561 3405 ‚
1601 3327 1759 3381 non
1801 3330 1842 3383 a
1886 3300 2138 3387 Romo
2169 3366 2191 3407 ,
2233 3305 2334 3386 si-

496 3446 632 3510 cut
671 3423 1199 3509 communiter
1239 3424 1601 3536 traditur,
1629 3426 2142 3517 descendisse.
2174 3432 2335 3529 Au-

495 3553 686 3638 ctoti
729 3552 1059 3668 quidem
1100 3553 1346 3641 Vrbis
1381 3620 1406 3662 ,
1471 3550 1753 3643 verum
1818 3588 2107 3645 nomen
2180 3590 2338 3646 non

496 3682 888 3771 Romulus
915 3749 940 3793 ,
981 3682 1124 3773 sed
1163 3686 1462 3773 Romus
1498 3684 1655 3772 fuit
1686 3751 1711 3796 ‚
1750 3686 1971 3771 nude
2034 3688 2281 3773 Roma
2312 3755 2337 3797 ,
