2981 4742
2210 345 2316 428 9⁸

546 454 841 539 visset?
876 453 1059 541 Scio
1112 450 1336 573 qnod
1400 451 1536 539 ille
1601 450 1976 539 dominus
2040 474 2229 539 tuus
2292 453 2396 541 de

542 582 728 668 belli
770 585 1058 669 iustitia
1100 588 1942 703 nunquamcuraverit
1969 650 1994 693 ,
2058 608 2194 697 aut
2255 615 2394 671 vo-

544 710 781 797 luerit
819 715 1220 825 disputare
1246 780 1274 817 ,
1310 715 1453 829 qui
1497 743 1910 830 nunqnam
1975 712 2212 797 rebus
2275 743 2416 813 ref*

544 844 801 954 petitis
842 844 968 927 vel
1013 874 1273 925 veram
1305 910 1329 951 ‚
1370 868 1448 927 et
1490 840 1802 926 realiter
1855 841 2142 925 illatam
2208 871 2397 927 con·

544 974 1277 1087 questusiniuriam
1308 1039 1332 1079 ,
1374 970 1678 1056 bellum
1721 973 1966 1055 movit
1994 1035 2014 1057 .
2057 970 2402 1059 Maxima

542 1101 719 1203 sibi,
746 1124 1215 1218 summaque
1254 1102 1543 1185 iustitia
1581 1094 1780 1182 fines
1821 1097 2190 1211 ampliare
2216 1109 2402 1193 suo‘s,

542 1260 853 1339 semper
897 1229 1047 1313 fuit
1075 1296 1099 1336 ,
1140 1259 1483 1347 spesque
1523 1227 1684 1312 sola
1724 1228 2122 1317 vincendi.
2165 1228 2402 1316 Nun-

541 1348 779 1474 quam
827 1361 1161 1469 respexit
1226 1389 1620 1467 causant,-
1653 1359 1790 1443 sed
1859 1352 2406 1469 occasionem}
2501 1415 2506 1421 -

539 1516 613 1571 et
658 1490 903 1599 ipsam
932 1489 1391 1604 acquirendi
1419 1486 1872 1575 facultatem
1902 1554 1926 1577 .
1961 1489 2406 1608 Nunquam

545 1619 747 1702 bella
790 1620 1019 1729 gessit
1050 1685 1075 1726 ‚
1111 1642 1203 1704 ut
1232 1643 1449 1705 tutus
1474 1620 1642 1703 sine
1671 1620 1957 1703 iniuria
2000 1645 2257 1731 posset
2292 1623 2412 1728 vi-
2451 1726 2460 1734 ⁶

548 1780 731 1832 vere
749 1817 771 1856 ‚
804 1751 944 1867 qui
977 1781 1121 1863 pro
1152 1750 1546 1864 potentiae
1573 1749 2108 1861 magnitudine
2134 1774 2396 1837 certus

546 1905 709 1963 erat
752 1880 1151 1963 neminem
1197 1910 1419 1995 posse
1458 1877 1588 1963 vel
1615 1909 2128 1991 ‘praesumere
2153 1946 2178 1989 ‚
2216 1878 2406 1969 licet

546 2008 1142 2119 concupisceret
1172 2076 1194 2117 ,
1234 2008 1308 2117 ei
1350 2039 1632 2095 nocere
1661 2075 1683 2097 .
1723 2010 2132 2120 Tantum,
2158 2013 2402 2121 enim,

552 2137 945 2221 eminebat
986 2138 1193 2221 inter
1233 2137 1568 2247 Italicos,
1607 2163 1698 2223 ut
1735 2140 2068 2225 stultitia
2108 2140 2414 2227 iamdiu.

549 2300 855 2353 summa
899 2268 1167 2352 suisset
1208 2270 1290 2353 in
1329 2300 1516 2354 eum
1547 2300 1716 2353 rem
1743 2272 1978 2355 etiam
2007 2272 2414 2357 minimam

550 2424 979 2494 attentare,
1020 2429 1209 2480 cnm
1253 2397 1678 2515 plusquam
1717 2401 1900 2482 satis
1937 2424 2130 2483 esset
2158 2396 2418 2486 omni-

552 2532 705 2614 bus
746 2559 907 2610 non
948 2526 1240 2610 offendi
1268 2558 1810 2656 ‚summaque
1849 2529 2090 2638 gratia
2130 2527 2253 2618 vel
2295 2559 2421 2650 so-

553 2660 705 2742 lam
746 2656 1208 2768 opinionem
1246 2686 1433 2740 snae
1474 2641 2047 2742 benivolentiae
2087 2657 2420 2742 meruis-

550 2821 667 2875 se.
713 2786 990 2872 Potuit
1030 2816 1227 2894 nos,
1264 2808 1343 2870 et
1374 2782 1601 2893 alim,
1641 2784 1880 2872 crede
1921 2783 2160 2893 mihi,
2201 2783 2419 2872 favo-

554 2919 773 3001 ribus
801 2983 825 3024 ,
863 2941 1173 3029 etpaee
1214 2913 1586 3027 decipere
1616 2980 1638 3021 ,
1678 2914 1822 3029 qui
1887 2913 2100 2998 bello
2167 2911 2354 3000 fecit
2383 2981 2410 3024 ,

551 3046 851 3128 insidiis
876 3111 903 3152 ‚
942 3069 1022 3130 et
1088 3044 1397 3156 iniuriis
1439 3067 1526 3128 ut
1563 3042 1902 3160 quilibet
1967 3039 2418 3140 addisceret

555 3203 743 3258 enm
810 3200 1087 3258 cavere
1119 3239 1143 3280 ‚
1208 3169 1616 3287 credoque
1680 3171 1838 3256 Dei
1906 3168 2414 3282 providentia

554 3302 850 3388 sactum
893 3333 1058 3387 esse
1086 3368 1112 3413 ‚
1150 3300 1375 3418 quod
1416 3300 1652 3386 talem
1689 3299 2246 3406 ambitionem,
2274 3297 2421 3384 do-

554 3430 1089 3548 minandique
1114 3429 1529 3516 libidinem
1569 3429 1877 3516 cunctis
1911 3426 2367 3515 ostenderet
2391 3495 2424 3539 ‚

551 3561 780 3677 quod
820 3560 1169 3680 quilibet
1206 3559 1309 3646 ab
1346 3591 1443 3646 eo
1485 3561 1652 3648 vim
1690 3586 2052 3672 semper,
2091 3577 2174 3642 et
2207 3585 2416 3644 sem-

552 3719 693 3806 per
742 3693 1066 3784 insidias
1128 3713 1616 3809 expectaret.
1681 3683 2062 3810 Cumque
2137 3709 2412 3783 eontra
