2981 4742
820 367 850 423 ι
874 342 987 456 74

745 489 1073 596 tertius,
1113 515 1356 604 quem
1403 487 1700 575 meritis
1727 553 1750 596 ,
1796 487 2162 606 verisque
2197 486 2570 576 laudibus

737 614 1081 703 celebras
1105 669 1131 723 ·,
1170 618 1542 731 sanguine
1582 618 1913 732 quintus
1955 620 2188 728 gratia
2221 618 2364 700 Dei
2399 651 2572 704 suc-v

738 748 1012 835 cessit.
1053 749 1351 835 Contra
1394 776 1639 864 quem
1673 757 1859 830 ‘cnm
1902 748 2176 860 etipse
2205 753 2571 860 sangnine

732 874 1013 962 Gallos
1053 901 1292 987 esset,
1328 875 1550 1002 'qnod
1581 874 1894 961 inclitus
1921 877 2087 962 Rex
2117 879 2570 965 Ludovicus

724 1004 913 1090 Dux
956 1003 1531 1118 Andegavensis
1584 1035 1857 1119 parum
1928 1006 2340 1120 profecerit
2407 1035 2566 1094 tam

722 1133 1182 1248 magnifico,
1222 1138 1425 1221 sicut
1470 1166 1854 1220 memoras
1883 1203 1904 1243 ‚
1943 1164 2310 1250 apparatu
2340 1206 2361 1244 ‚
2387 1163 2560 1224 ‘non

728 1265 1361 1382 ignavia'gentis‚
1401 1263 1634 1349 crede
1700 1265 1890 1349 mihi
1926 1333 1949 1370 ‚
2014 1265 2157 1348 sed
2224 1266 2584 1357 hominis.

722 1392 1129 1478 infelicitas
1169 1393 1357 1503 suit,
1396 1395 1739 1480 invictus
1779 1397 1996 1487 enim
2021 1399 2252 1481 armis
2285 1401 2563 1482 morbo

724 1521 1131 1611 confectus
1170 1550 1337 1633 est3
1381 1555 1763 1643 nusquam
1808 1527 2064 1612 victor
2103 1557 2250 1611 nec
2291 1531 2570 1635 victus,

734 1680 979 1769 peste,
1001 1654 1198 1769 proh
1244 1653 1528 1739 dolo'r!
1568 1657 2024 1767 absumptus
2065 1679 2218 1760 est,
2257 1655 2568 1740 absum-

732 1795 1077 1903 p'tusque
1146 1784 1622 1869 clarissimus
1700 1787 2064 1899 princeps
2141 1783 2568 1872 sabaudiae

734 1914 1064 2020 Comes,
1102 1914 1728 2030 absumptnsque
1756 1914 2084 1998 maxima
2117 1939 2329 2026 parte
2356 1946 2570 1998 exer·

734 2047 979 2154 eitus;
1020 2066 1111 2129 ut
1151 2047 1415 2128 omn-ia
1456 2042 1643 2129 haec
1707 2042 2054 2128 felicitati
2122 2043 2351 2155 Regis
2413 2043 2566 2127 Ca·

723 2171 873 2273 r'oli
894 2241 918 2282 ,
958 2205 1116 2258 non
1162 2174 1526 2258 victoriae
1567 2203 1792 2278 suae,
1821 2169 1947 2258 vel
1974 2169 2274 2256 Italicae
2305 2177 2554 2282 gentis

722 2301 1018 2417 gloriae
1056 2301 1385 2415 dignum
1428 2301 1566 2406 sit,
1605 2303 1666 2386 si
1715 2311 1924 2386 recte
1965 2302 2243 2387 sentire
2289 2299 2560 2385 volne-
2641 2390 2652 2398 ,

721 2436 1011 2552 rimus,
1051 2434 1469 2545 imputare.
1511 2430 1718 2518 Nam
1757 2456 1836 2515 et
1868 2432 2294 2538 victoriam,
2324 2462 2564 2547 quam

720 2559 947 2646 Deus
984 2556 1317 2644 domino
1356 2582 1502 2644 tuo
1541 2558 1918 2644 concessit
1959 2582 2223 2644 contra
2263 2556 2566 2641 defien·

723 2685 876 2787 dae
915 2688 1339 2773 memoriae
1394 2684 1774 2789 Ioannem
1841 2686 2271 2773 Armeniaci
2327 2690 2569 2774 comi-

719 2838 922 2925 tem,
960 2818 1107 2903 scis
1149 2840 1279 2926 tu,
1316 2818 1606 2902 scimus
1669 2840 1749 2901 et
1791 2846 2085 2926 omnes,
2149 2817 2566 2903 altitudine

723 2946 965 3060 magis
1006 2947 1296 3055 animi,
1339 2970 1421 3032 et
1458 2945 1820 3055 andacia,
1845 2977 2048 3064 quae
2077 2945 2267 3032 solet
2296 2948 2598 3047 obesse,

727 3074 1055 3161 consilio
1094 3073 1363 3185 ducis,
1403 3098 1483 3160 et
1525 3076 1808 3187 gentis,
1848 3106 2087 3193 qnam
2131 3099 2562 3162 vestrarum

715 3205 1133 3318 'copiarum
1212 3202 1675 3289 fortitudine
1741 3207 2197 3318 contigisse.
2290 3204 2559 3290 Crede

724 3333 960 3440 mihi,
999 3331 1223 3451 quod
1289 3334 1353 3417 si
1398 3319 1627 3417 Deus
1686 3332 2050 3443 dedisset,
2117 3337 2356 3420 duces
2394 3400 2417 3441 ,
2481 3359 2564 3419 et

704 3480 1000 3577 figentes
1026 3484 1321 3548 nostras
1346 3460 1768 3550 Paduanae
1799 3458 2168 3550 victoriae
2195 3464 2568 3579 superbas

718 3591 955 3705 gloria
996 3590 1416 3679 Gallorum
1448 3595 1720 3680 castris
1761 3617 1999 3679 castra
2042 3594 2564 3709 coniungere,

730 3720 899 3808 dies
939 3720 1082 3807 ille·
1134 3720 1463 3810 sudores
1531 3724 1908 3814 maximos
1969 3726 2300 3815 domino
2366 3750 2510 3813 tuo
2533 3792 2562 3836 ,

2552 3977 2602 4211 ζ,
