2981 4742
727 325 886 416 132

667 459 940 552 suisset
966 458 1368 552 occultum
1395 457 1695 608 foedus,
1721 457 1936 579 quod
1967 460 2291 581 quidam
2328 461 2485 548 Bo-

627 592 1158 729 uouieusium
1199 589 1493 702 maguis
1543 591 1882 738 corrupti
1915 591 2264 704 pecuniis
2300 619 2489 675 eum

627 685 990 805 domino
1013 743 1168 825 tuo
1207 741 1789 832 percusserant,
1826 727 1995 868 quo·
2016 749 2173 804 nou
2202 720 2485 831 permi-

655 871 950 934 serunt
963 846 1078 932 illi
1143 848 1476 932 victores
1540 847 1655 930 cti
1719 847 2099 954 victoria,
2160 846 2223 930 si
2288 842 2489 961 quid

653 1001 904 1092 potest
944 976 1047 1060 de
1089 975 1371 1062 talibus
1408 973 1775 1060 affirmari
1804 1041 1831 1086 ,
1868 975 2040 1060 dies
2076 967 2207 1066 illa
2263 973 2485 1060 Beati

662 1107 1039 1193 Doctoris
1069 1171 1092 1214 ,
1156 1127 1239 1189 et
1303 1102 1684 1190 Praesulis
1752 1105 2161 1218 Augustini
2228 1103 2488 1220 potuit
2625 1189 2630 1192 ,

654 1236 928 1320 afferre
970 1236 1380 1321 maximam
1406 1230 1737 1320 domiuo
1760 1257 1897 1320 tuo
1922 1233 2255 1341 cladem,
2285 1229 2487 1318 mul-

656 1384 938 1480 tosque
977 1362 1302 1448 miseros
1341 1359 1506 1444 de
1482 1364 1642 1472 iugi
1682 1362 1803 1446 sui
1842 1360 2325 1448 servitudiue
2387 1359 2483 1443 li-

523 1517 530 1524 ·
659 1490 987 1580 ben-are.
1027 1489 1186 1580 Sed
1227 1488 1585 1575 noudum
1632 1489 1808 1579 dies
1870 1490 2293 1576 advenerat
2349 1519 2491 1606 po-

657 1622 896 1708 situra
935 1619 1338 1736 tyrannidi
1375 1641 1627 1704 tautae
1663 1615 1960 1731 fiuem3
1998 1620 2143 1703 erit
2184 1641 2507 1724 tamen,

621 1745 863 1858 -erit‚
900 1747 1139 1835 crede
1176 1745 1400 1856 mihi,
1438 1747 1763 1863 quaudo
1805 1749 2021 1834 Deus
2061 1744 2283 1860 vult,
2346 1745 2486 1863 qui

661 1877 922 1965 nihil
897 1909 981 1964 m
1023 1875 1383 1964 humanis
1420 1877 1657 1962 rebus
1717 1907 2179 1992 corporeum
2208 1943 2233 1986 ,
2296 1877 2513 1960 cum'

651 2037 740 2094 ea
779 2006 1040 2092 omnia
1079 2029 1511 2115 transeant,
1560 2004 1747 2106 fecit
1806 2033 2259 2094 aeternum.
2324 2004 2482 2092 Die

655 2160 771 2248 tu,
794 2136 992 2254 quid
1019 2139 1227 2222 tanta
1268 2129 1543 2252 feeerit
1577 2133 1881 2222 domiui
1922 2138 2036 2223 tui
2075 2137 2417 2251 potentia
2449 2199 2474 2242 ‚
2608 2217 2611 2220 ,

649 2289 732 2351 et
767 2265 832 2350 si
873 2263 1166 2381 reperit
1223 2294 1375 2348 nos
1436 2293 1663 2381 spem
1714 2295 2035 2350 omnem
2100 2285 2483 2370 nostram,

650 2418 740 2481 ut
779 2395 1032 2509 arguis
1059 2459 1084 2501 ,
1119 2392 1204 2477 in
1245 2391 1509 2511 aliquo
1546 2395 1953 2508 posuisse?
2008 2395 2427 2482 Posuimus
2452 2456 2479 2498 ,

647 2522 932 2632 fateor,
971 2552 1328 2635 maguam
1351 2552 1573 2637 spem
1600 2523 1680 2609 iu
1707 2526 2215 2613 serenissimo
2238 2524 2481 2610 Frau-

653 2682 928 2739 corum
967 2652 1174 2767 Rege
1203 2718 1228 2761 ‚
1263 2652 1696 2773 quantique
1732 2656 2113 2743 momenti
2153 2652 2419 2743 suisset
2446 2718 2475 2761 ‚
2610 2656 2618 2662 ’

649 2780 798 2865 nisi
823 2844 851 2890 ,
884 2779 1086 2865 sicut
1123 2780 1301 2865 Deo
1340 2778 1633 2894 placuit
1657 2848 1684 2891 ‚
1726 2783 1925 2897 proh
1966 2782 2244 2869 dolor!
2308 2784 2483 2867 eius

646 2906 1023 3023 principis
1064 2903 1335 2995 fuisset
1397 2906 1863 3023 infirmitas,
1928 2910 2163 2999 crede
2228 2910 2423 2999 mihi
2452 2977 2479 3019 ,

644 3034 1017 3123 domiuus
1063 3060 1243 3123 tuus
1280 3042 1636 3127 sensisset
1665 3108 1687 3131 .
1727 3042 1884 3131 Sed
1926 3045 2157 3133 nimis
2198 3072 2477 3129 verum

643 3186 764 3250 est
803 3165 1201 3279 poeticum
1239 3166 1489 3255 illud:
1530 3174 1721 3260 Heu
1760 3174 1984 3259 nihil
2017 3176 2482 3279 invitissas

641 3325 1142 3412 quemquam
1149 3298 1424 3409 fidere
1448 3298 1690 3389 divis.
1714 3302 1897 3389 Nou
1926 3306 2206 3419 potuit,
2234 3302 2473 3409 euim,

639 3446 731 3509 ut
768 3422 1163 3538 debebat,
1202 3451 1288 3514 ut
1325 3426 1807 3541 decreverat,
1846 3455 1935 3520 ut
1961 3433 2325 3548 optabat,
2357 3436 2473 3517 iu·

641 3546 872 3640 clitus
943 3554 1078 3641 ille
1155 3558 1567 3677 princeps
1596 3560 1804 3647 ferre
1877 3564 2103 3651 sociis
2178 3590 2417 3677 opem
2444 3627 2474 3669 ,

639 3708 1095 3774 succurrere
1145 3682 1327 3775 filiis
1354 3756 1381 3800 ,
1439 3712 1521 3778 et
1584 3690 1848 3781 amicis
1914 3690 2309 3783 auxiliari.
2349 3686 2470 3785 si
