2981 4742
1196 249 1254 288 ς,

705 501 984 588 herent
1021 522 1260 586 eastra
1290 564 1313 603 ,
1354 495 1788 582 Florentini
1828 519 2231 611 sperantes·
2287 496 2539 581 vieto·-

592 700 605 716 ,
700 630 897 713 riam
974 628 1076 713 ad
1152 624 1792 739 expugnandum
1833 656 1966 710 eos
2031 656 2309 709 omnes
2361 658 2536 710 snas

604 830 619 847 ,
705 783 1125 875 equestres
1152 758 1464 885 copias,
1505 779 1583 838 et
1625 754 2144 867 Capitaneum
2189 759 2544 838 transmi-

690 909 998 972 serunt.
1042 884 1201 971 Sed
1225 868 1546 967 nuliis
1524 915 1610 967 tn
1654 883 1886 967 rebus
1917 882 2369 968 mortalium
2401 914 2539 967 vo-

696 1013 842 1119 tis,
907 1010 1702 1127 ordinationibusque
1781 1010 2202 1127 respondet
2267 1014 2534 1097 minus

641 1197 647 1204 ·
694 1171 923 1253 spes,
963 1166 1041 1223 et
1068 1138 1405 1223 audacia
1473 1169 1718 1255 quam
1784 1141 1864 1224 in
1939 1137 2212 1228 bellis.
2281 1142 2550 1291 Aqua-

582 1273 619 1348 “.
694 1301 904 1378 rum,
942 1271 1182 1373 enim,
1220 1271 1445 1382 copia
1486 1262 1913 1355 coenosum
1956 1268 2246 1387 solunt,
2285 1297 2380 1355 et.
2404 1272 2531 1355 iti-

691 1404 898 1485 neris
938 1400 1437 1512 defatigatio,
1479 1424 1564 1484 et
1597 1404 1722 1484 sui
1765 1380 2105 1509 fiducia,
2168 1430 2358 1487 cum
2421 1402 2538 1487 in-

695 1530 906 1616 festis
946 1532 1181 1643 signis
1226 1555 1532 1615 nostrae
1575 1554 1842 1643 gentes
1883 1532 2114 1617 nimis
2151 1531 2528 1618 audacter

685 1661 767 1744 in
812 1660 1072 1744 hostes
1113 1684 1411 1765 ruunt,
1477 1659 2073 1771 expectantibus
2119 1662 2531 1765 victoriam

689 1786 969 1895 dedit,
1037 1813 1430 1905 captoque
1499 1790 1931 1902 Capitaneo
1959 1854 1984 1897 ,
2062 1789 2534 1905 cunctisque

685 1920 971 2005 nostris
1011 1919 1259 2031 dopiis
1297 1916 1748 2033 profligatis,
1791 1943 1964 2032 post
2010 1918 2352 2009 biduum
2395 1951 2528 2007 ex·
2610 2010 2614 2012 b
2683 1897 2688 1915 ’

643 2068 649 2076 ’
684 2073 1019 2136 currunt
1060 2047 1317 2133 hostes
1356 2048 1858 2155 obsidionem
1911 2048 2213 2136 solvere
2241 2118 2264 2159 ,
2331 2051 2529 2145 libe-

560 2219 569 2221 -
688 2208 1021 2296 rareque
1061 2177 1478 2263 conclusos
1508 2244 1528 2267 .
1571 2177 2009 2263 Florentini
2079 2210 2271 2281 vero
2298 2210 2534 2300 ,lquo

692 2308 1145 2396 Romanum
1188 2336 1437 2420 genus
1478 2308 1672 2392 scias
1703 2371 1728 2414 ,
1793 2310 2186 2392 maiorum
2229 2333 2532 2396 nostro-

686 2467 867 2522 rum
911 2467 1131 2522 more
1161 2504 1184 2545 ,
1254 2437 1489 2524 rebus
1559 2435 1908 2521 adversis
1975 2438 2478 2526 animosiores
2505 2505 2531 2546 ,

688 2568 917 2651 novis
959 2566 1367 2681 praesidiis
1406 2589 1692 2652 cuncta
1732 2562 2533 2676 firmaverant,‚mox-

684 2725 845 2812 que
886 2698 1325 2810 conspectis
1392 2693 1798 2806 hostibus,
1865 2727 2032 2782 non
2095 2696 2299 2782 sicut
2354 2727 2524 2783 mos

683 2847 800 2909 est
841 2826 1067 2910 victis
1094 2891 1117 2932 ,
1160 2823 1305 2909 sed
1349 2826 1618 2911 animo
1648 2890 1674 2935 ,
1712 2855 1880 2942 quo
1918 2825 2259 2910 victores
2287 2891 2313 2935 ,
2365 2856 2530 2911 non

680 2974 886 3036 stant
915 3017 937 3053 ,
978 2950 1205 3066 quod
1244 2953 1426 3036 satis
1464 2976 1628 3036 erat
1665 3017 1688 3060 ,
1747 2981 1895 3067 pro
1959 2950 2168 3039 vallo
2207 2942 2472 3038 solum
2501 3019 2528 3063 ,

684 3080 831 3168 sed
855 3105 1067 3171 extra
1114 3083 1594 3166 munitiones
1620 3099 2144 3190 occurrentes,
2168 3077 2528 3169 hostibus

680 3240 967 3296 manus
1007 3207 1476 3318 conserunt,
1517 3211 1678 3293 vim
1721 3209 2175 3324 repellunt,
2239 3234 2318 3296 et
2381 3213 2561 3326 tui-¹

686 3363 941 3425 rantes
1007 3339 1521 3424 resistentiam
1588 3325 1906 3448 hostes,
1965 3338 2528 3450 retrocedere,

686 3466 1140 3586 pedemque
1180 3468 1443 3554 sistere
1482 3493 1955 3579 coegerunt.
2021 3469 2326 3555 Interea
2395 3499 2527 3558 ve·

570 3713 573 3716 A
686 3600 805 3686 uit
844 3597 1011 3684 dux
1056 3597 1422 3704 hostium,
1464 3600 1577 3684 rei
1619 3597 1936 3685 bellicae
1968 3602 2516 3712 peritissimus,

685 3729 1124 3819 considerat
1186 3729 1415 3817 castri
1478 3729 1764 3840 sitnm,
1807 3731 2338 3817 munitionum
2373 3757 2524 3844 op·-
