2981 4742
322 488 331 497 ,
1975 421 1981 427 ·
2030 402 2186 488 ¹⁰7

402 518 521 604 de
588 510 775 600 mibi
822 580 847 622 ,
927 502 1468 599 recordabitur
1509 581 1534 633 ,
1628 538 1706 603 et
1796 512 2260 630 gratitudine

406 672 677 737 mutua
707 684 745 754 ,·
805 671 961 730 tam
1030 646 1507 757 praesentis,
1583 648 2057 764 maximique
2127 646 2263 729 be-

416 776 673 864 neficii
739 799 995 869 ,stante
1062 777 1482 882 memoria,
1550 808 1706 861 non
1775 776 2076 860 deseret
2149 806 2268 860 so-

387 910 578 995 „cios
646 929 1078 1020 praesentes
1140 936 1371 991 suos.
1424 905 1608 991 Non
1673 903 2038 1019 dabitur,
2102 932 2266 989 ere·
2386 943 2404 963 ·

426 1038 526 1123 de
568 1036 756 1123 mihi
793 1098 819 1148 ,-
856 1037 1080 1119 heros
1145 1036 1459 1124 inclitus
1517 1038 1930 1123 patavinus
1970 1023 2049 1120 in
2107 1056 2264 1121 tam

335 1171 341 1176 ’
437 1165 861 1281 reprobum
926 1194 1295 1273 sensum,
1358 1164 1582 1282 quod
1647 1198 1830 1275 eos,
1881 1198 1923 1251 a
1975 1165 2272 1283 quibus

424 1296 899 1406 principium
978 1290 1421 1388 habuerunt
1495 1294 2052 1413 dominationis
2079 1359 2104 1401 ,
2182 1315 2266 1377 et
2343 1396 2362 1402 ..

417 1446 661 1517 status
738 1420 1069 1505 maiores
1142 1424 1266 1506 sui
1316 1476 1350 1531 ,-
1418 1452 1622 1540 quos
1701 1454 1953 1539 nuper
2029 1421 2265 1507 sensit
2358 1532 2362 1536 ‚

423 1551 567 1637 sibi
638 1575 791 1636 tam
866 1550 1292 1664 propitios,
1344 1575 1423 1635 et
1486 1551 1826 1661 amieos,
1867 1541 2088 1670 quod
2141 1581 2272 1637 eo·-

370 1667 620 1767 srum
687 1676 1086 1763 favoribus
1148 1676 1552 1794 quidquid
1621 1680 2011 1794 possidet,
2052 1687 2298 1766 ηοω·

430 1810 817 1921 peraverit
846 1875 871 1917 ,
908 1830 1149 1924 atque
1188 1805 1678 1916 defenderit,
1717 1807 2072 1921 periculo
2129 1840 2276 1895 suo
2355 1832 2364 1853 ⁸

371 1936 869 2055 ⁴relinquens
895 1968 990 2021 ex
1018 1961 1235 2050 parte
1281 1932 1657 2049 perfidiae
1686 1970 1767 2022 se
1811 1937 2111 2024 domiui
2154 1942 2276 2061 tui

419 2069 856 2152 committat
872 2066 897 2153 “.
937 2066 1109 2152 Nec
1154 2066 1986 2179 circumspectissimus
2017 2064 2280 2152 domi·-

328 2293 333 2297 ,
426 2226 577 2280 nus
617 2196 1299 2313 Mantuanus,-qui
1342 2196 1563 2279 novit
1602 2196 2320 2312 dominumtuum-

434 2322 659 2442 quod
689 2315 895 2410 <licat
914 2390 938 2429 ,
967 2324 1105 2441 qui
1140 2352 1455 2410 mecum
1484 2356 1638 2410 non
1667 2347 1806 2430 est,
1847 2347 2112 2414 contra
2153 2354 2282 2426 me

434 2479 576 2560 est,
586 2479 663 2538 et
690 2454 911 2570 quod
935 2477 1057 2538 tot
1085 2452 1509 2560 laboribus,
1524 2479 1601 2538 et
1631 2456 1976 2568 expensis
2002 2455 2284 2568 cogita-

450 2583 683 2686 verit,
725 2605 961 2698 ponte
1000 2581 1375 2666 mirabilis
1414 2581 1770 2690 fabricae,
1811 2613 2048 2707 quem
2077 2581 2288 2668 aedi-

442 2707 663 2797 ficari
700 2709 883 2798 fecit
922 2704 1141 2824 apud
1181 2708 1609 2818 Valesium,
1651 2741 1915 2794 rerum
1985 2733 2290 2796 mutare

444 2866 800 2927 naturam
831 2841 1236 2959 ,sibique,
1274 2835 1728 2992 finibusque
1787 2841 1948 2924 suis
1985 2838 2290 2940 auferre

444 2972 1051 3058 saluberrimum
1090 2969 1392 3055 flumen
1436 2971 1763 3076 Mincii,
1803 2969 2026 3088 quod
2105 2972 2294 3057 civi-

451 3125 741 3209 tatem,
795 3123 875 3185 et
940 3098 1308 3215 paludem
1390 3099 1648 3210 irrigat
1731 3100 2292 3210 Mantuanam,

455 3228 657 3314 adeo
694 3227 1019 3314 demens
1058 3229 1232 3336 erit,
1272 3224 1495 3345 quod
1521 3225 1970 3336 sedeserat,
2009 3227 2132 3313 vel
2172 3260 2296 3314 so-

452 3359 759 3442 ciorum
796 3355 1327 3442 defensionem
1361 3421 1385 3462 ,
1422 3387 1626 3472 quae
1665 3387 1802 3439 sua
1841 3357 1940 3440 sit
1970 3423 1994 3463 ,
2053 3356 2294 3444 omit-·

374 3555 381 3562 .
459 3507 569 3570 tat
597 3551 620 3574 .
661 3487 774 3572 Et
811 3483 993 3572 lieet
1034 3477 1315 3570 medio‘
1341 3483 1526 3569 belli
1554 3484 1647 3568 sit
1675 3481 2140 3602 flagraturus
2178 3485 2298 3570 in-

462 3604 747 3700 cendio
778 3677 803 3726 ,
840 3647 999 3702 non
1043 3613 1493 3731 implorabit
1557 3611 1836 3700 frustra
1901 3611 2285 3700 Florenti-

459 3771 644 3828 num
680 3774 914 3862 opem
946 3811 973 3856 ,
1013 3745 1153 3863 qui
1193 3765 1638 3855 noverunt,
1675 3768 1752 3830 et
1786 3739 2036 3829 solent
2061 3737 2294 3834 etiam.
