2981 4742
707 352 812 437 28

597 511 953 612 fetusque
995 491 1304 606 vestigia
1333 553 1356 597 ,
1395 519 1615 576 more
1685 510 2094 602 parentum
2160 514 2466 576 nostro-

539 637 543 641 ’
619 651 824 730 rum,
849 624 988 742 qui
1030 623 1198 707 talis
1237 621 1568 706 fabricae
1610 618 2252 706 machinamentis
2278 620 2457 704 dul-

619 779 748 832 ces
811 782 1046 869 aquas
1084 749 1184 834 ad
1225 779 1458 834 usum
1510 737 1868 840 omnium
1910 743 2415 834 deducebant
2445 816 2465 838 .

614 880 838 992 Quae
877 878 1368 965 cum'dmuia
1402 879 1795 964 Romanae
1824 877 1977 961 sint
1996 906 2148 998 res,
2176 877 2465 1006 Roma-5

613 1039 708 1090 na
739 1010 1078 1115 nomina,
1107 1007 1593 1122 Romanique
1622 1007 1861 1088 moris
1890 1007 2245 1114 imitatiO,
2278 1012 2453 1124 quis

608 1136 888 1223 audeat
927 1137 1239 1243 dicere,
1282 1121 1440 1220 tam
1494 1133 1826 1220 celebris
1893 1135 2141 1246 famae
2208 1160 2457 1224 stante

605 1265 1018 1378 praesidiO,
1044 1293 1308 1352 rerum
1347 1263 1623 1349 talium
1650 1287 2001 1349 auctores
2040 1264 2229 1348 alios
2268 1266 2457 1351 fuis-

609 1429 689 1480 se
727 1426 962 1516 quam
1003 1397 1448 1485 Romanos?
1475 1395 1770 1482 Extant
1798 1392 2053 1481 adhuc
2078 1395 2459 1483 rotundae

609 1550 883 1636 turres,
907 1550 985 1611 et
1025 1550 1422 1640 portarum
1447 1529 1979 1634 monimenta,
2006 1555 2204 1644 quae
2232 1557 2449 1614 nunc

602 1657 1495 1776 Episcopatuicounexa
1536 1678 1719 1741 sunt
1749 1721 1773 1763 ‚
1812 1684 2013 1773 quae
2039 1722 2063 1764 ‚
2104 1658 2241 1773 qni
2282 1657 2438 1744 Ro-

588 1786 808 1871 'mam
837 1785 1138 1900 ⁸viderit
1167 1852 1188 1893 ,
1227 1815 1392 1869 nou
1426 1781 1731 1869 videbit
1772 1781 2027 1870 solum
2058 1849 2083 1891 ‚
2122 1783 2262 1868 sed
2326 1786 2450 1869 iu-

605 1916 802 1998 rabit
840 1946 1003 2000 esse
1041 1915 1386 2002 Romana
1417 1981 1441 2018 ‚
1477 1944 1644 1998 non
1682 1914 1937 1998 solum
1966 1915 2222 2030 qualia
2261 1939 2447 2002 suut
2550 2017 2554 2020 ⁴

605 2045 902 2130 Romae
944 2046 1248 2128 moenia
1277 2043 1665 2150 ‚latericia
1705 2042 2138 2160 coctilique-
2197 2069 2447 2128 mate-

609 2175 711 2254 ria
743 2239 770 2280 ,
818 2173 958 2257 sed
1025 2197 1102 2257 et
1155 2171 1445 2258 forma.
1488 2171 1677 2259 Non
1728 2175 2023 2257 mirum
2087 2177 2271 2287 ergo
2335 2177 2449 2282 si,

597 2325 711 2385 tot
749 2299 1403 2415 adstipulantibus
1444 2299 1721 2408 rebus,
1760 2325 2145 2410 constans,
2196 2326 2276 2390 et
2331 2305 2449 2388 in·

481 2516 486 2520 ,
586 2424 1124 2543 sextiuguibilis
1165 2430 1364 2515 fama
1403 2443 1545 2537 es't,‘·
1586 2429 1863 2524 urbem
1906 2452 2249 2517 nostram
2276 2435 2446 2547 opi-

593 2556 866 2642 ficium
905 2592 1066 2643 esse
1107 2560 1549 2647 Romanum
1579 2625 1602 2666 ,
1640 2559 2097 2673 oppositum
2137 2559 2436 2679 'Faesu-

569 2686 787 2772 -lanis
814 2754 837 2795 ,
865 2701 1078 2807 'quos
1115 2692 1487 2777 Romanis
1529 2688 1765 2773 fuisse
1817 2692 2246 2775 contrarios
2274 2758 2301 2797 ,
2350 2716 2431 2776 et

589 2814 952 2901 adversos
1002 2818 1507 2905 clarissimum
1574 2816 1753 2903 facit
1782 2884 1807 2925 ‚
1872 2816 2097 2933 quod
2158 2818 2426 2909 sociali

594 2942 810 3028 bello
849 2940 1188 3057 legamus
1217 3014 1240 3054 ‚
1278 2939 1635 3031 Faesulas
1664 3014 1687 3052 ,
1726 2970 1807 3033 et
1866 2946 2009 3032 alia
2046 2946 2437 3065 quaedam
2542 3014 2548 3025 .

589 3072 882 3188 oppida
948 3075 1180 3159 fuisse
1242 3075 1496 3161 deleta
1528 3110 1560 3184 ς
1591 3103 1678 3164 ut
1713 3078 2158 3165 Romanum
2221 3111 2425 3195 opus

590 3234 750 3287 esse
776 3200 1262 3291 Florentiam
1306 3206 1661 3321 planesit
1690 3207 2238 3295 stultissimum
2279 3208 2428 3293 du-

593 3332 836 3420 bitare
864 3399 887 3422 .
925 3336 1245 3449 Legitur
1271 3404 1295 3444 ,
1361 3339 1574 3424 enim
1602 3408 1627 3447 ‚
1664 3336 1878 3453 apud
1917 3338 2370 3425 Sallustium
2402 3404 2429 3444 ,

456 3562 463 3565 ,
591 3464 1048 3558 certissimae
1091 3470 1437 3554 veritatis
1472 3470 1927 3555 historicum
1957 3533 1980 3576 ,
2020 3470 2117 3557 L.
2156 3465 2428 3559 Catili-
2468 3491 2471 3495 ·

591 3624 768 3677 nam
835 3596 1256 3711 quemdam
1325 3602 1417 3685 G.
1495 3598 1879 3687 Manlium
1946 3596 2426 3711 praemisisse

591 3722 947 3811 Faesulas
985 3728 1084 3813 ad
1123 3732 1552 3814 exercitum
1593 3725 2248 3845 comparandum,
2288 3730 2429 3846 qui
