2981 4742
746 329 908 447 176

683 469 880 554 nihil
923 474 1157 588 magis
1195 473 1415 560 illius
1444 474 1670 588 primi
1738 474 1925 560 belli
1994 501 2349 594 tempore
2416 483 2513 566 ti·

685 599 975 684 muisse
1013 635 1253 722 quam
1309 607 1559 690 Ducis
1597 606 1959 690 Bavarine
2022 609 2515 724 descensum,

664 731 818 842 qui
885 734 1029 816 sibi
1096 737 1446 821 Paduam
1512 735 1881 824 abstulit.
1950 741 2511 860 Veron-‘nmque

684 860 896 945 iussu
942 863 1246 949 domini
1283 870 1404 950 tui
1449 887 1823 950 'vastatam
1862 865 1961 948 ad
2008 868 2508 956 rebellionem

683 1021 940 1106 usque
981 999 1419 1112 concussit,
1456 1020 1534 1079 et
1572 998 2003 1079 adventum
2048 999 2289 1082 incliti
2350 1005 2506 1088 Co-

684 1124 892 1206 mitis
959 1125 1454 1232 Armeniaci,
1521 1125 1659 1242 qui
1726 1157 2037 1208 somnos
2101 1127 2273 1210 illos
2338 1162 2517 1212 suos

655 1249 1064 1337 altissimos
1092 1320 1114 1361 ‚
1153 1278 1230 1340 et
1257 1285 1533 1338 suaves
1562 1255 2119 1364 urgentissimis
2150 1254 2511 1338 curarum

682 1380 1020 1464 stimulis
1059 1413 1286 1496 saepe
1328 1382 1579 1494 rupit,
1621 1382 1945 1496 parique
1977 1383 2298 1489 ratione,
2328 1414 2513 1466 cum

683 1511 920 1593 sensit
962 1511 1312 1596 secundo
1351 1511 1563 1596 hello
1604 1512 1901 1622 regium
1974 1511 2513 1625 praeparatum

675 1642 1166 1750 exercitum,
1242 1641 1443 1724 adeo
1524 1642 1975 1754 perterritus
2050 1667 2214 1749 est,
2291 1645 2513 1760 quod
2602 1723 2607 1730 .

593 1863 610 1886 ι
682 1769 892 1855 bello
929 1774 1127 1856 sicut
1167 1779 1324 1855 'erat
1367 1769 1703 1878 fractus,
1746 1772 1822 1853 iu
1870 1772 2227 1854 manibus
2267 1772 2515 1856 incliti
2584 1771 2589 1778 ’

583 1892 586 1894 V
682 1899 1020 1984 dominii
1099 1901 1647 2005 Venetorum,
1726 1899 1953 1982 cuius
2020 1897 2333 1983 fuimus
2380 1902 2521 1984 illo

686 2053 1042 2144 tempore
1082 2027 1443 2138 colligati,
1472 2025 1937 2139 temporales
1970 2028 2323 2114 inducias
2368 2034 2517 2141 pti-

686 2187 824 2244 mo
853 2185 1350 2273 ,pacemque
1390 2178 1784 2268 postremo
1840 2158 2280 2242 consensit.
2348 2160 2523 2244 Nec

578 2391 582 2396 .
691 2279 984 2403 puduit
1025 2309 1280 2371 tantae
1321 2285 1717 2397 potentiae
1769 2281 2185 2369 dominum
2250 2311 2527 2370 contu-

674 2416 988 2502 meliam
1031 2446 1190 2499 non
1235 2412 1510 2499 ulcisci
1550 2413 1937 2528 aquatici,
1982 2418 2523 2542 terrestrisque
2606 2487 2611 2491 ,

681 2548 806 2636 sui
849 2546 1291 2649 exereitus,
1361 2538 1697 2654 turpiter
1766 2540 1980 2652 apud
2051 2530 2523 2633 Governum

687 2675 893 2785 fusi,
933 2674 1076 2759 sed
1115 2672 1337 2759 velut
1377 2671 1813 2759 necessitati
1853 2670 2167 2777 cedens,
2208 2695 2286 2755 et
2331 2670 2521 2757 teut-

685 2807 912 2922 pori,
955 2834 1233 2889 manus
1270 2800 1495 2887 dedit
1524 2822 1664 2910 ,et
1704 2832 1863 2885 uon
1904 2800 2123 2885 aliter
2166 2832 2405 2917 quam
2435 2800 2517 2887 se

688 2936 992 3019 vietum
1057 2932 1357 3040 fatens,
1409 2962 1633 3049 2quas
1700 2931 1961 3045 potuit
2023 2931 2519 3029 conditiones

683 3065 891 3179 pacis
929 3066 1312 3213 aoeeepits
1307 3060 1573 3150 Vade
1640 3090 1908 3168 nune,
1937 3060 2263 3169 ¹‚stulte
2326 3062 2517 3147 iacta

680 3193 1110 3307 potentiam
1151 3190 1454 3296 domiui
1499 3190 1642 3294 tui,
1668 3212 1744 3273 et
1784 3213 2127 3306 quatuor
2152 3193 2517 3307 equitum

674 3321 1062 3434 legiones,
1101 3321 1370 3407 divina
1409 3256 1765 3403 subditos
1806 3344 2111 3403 nostros
2140 3322 2517 3405 mirabilia
2621 3418 2626 3423 q

675 3474 1155 3561 tentaturos,
1195 3479 1478 3563 sperne
1519 3446 1845 3559 Gallos3
1910 3449 2113 3566 quid
2180 3482 2223 3534 a
2292 3452 2518 3555 uobis

551 3646 558 3651 .
678 3579 1054 3685 audiant,
1111 3575 2110 3695 quidque'respondeant‚
2173 3581 2517 3663 'amentia

689 3734 822 3830 tua
863 3709 1179 3820 designa
1205 3771 1226 3799 .
1270 3708 1426 3797 Dic
1465 3717 1611 3791 'nos
1650 3704 1749 3820 ad
1790 3706 2144 3815 civitatis,
2184 3730 2261 3810 et
2290 3706 2524 3797 liber-
