2981 4742
2227 317 2385 402 ¹97

608 429 1049 550 optandum
1086 455 1242 542 est,
1282 429 1507 518 velut
1546 431 1844 517 crimen
1883 425 2209 548 aliquod
2272 429 2447 516 obi·-

606 561 843 670 icere,
888 562 1219 676 dignum
1260 586 1540 677 putas3
1577 561 1642 645 si
1681 558 2110 645 mendaciis
2146 588 2320 666 eos,
2356 559 2442 652 in

539 773 547 780 ,
589 721 805 819 ‚quos
843 690 1151 801 dixeris,
1190 691 1576 799 insectari,
1603 719 1810 806 quae
1835 686 2147 772 cunctis
2169 711 2443 799 aperta

597 824 780 929 sint,
817 853 913 907 ex
949 846 1153 932 arte,
1218 822 1680 936 rationeque
1743 808 2068 902 dicendi
2134 813 2438 900 iudicas

611 981 779 1036 esse
848 983 1121 1068 posse3
1193 953 1256 1037 si
1334 951 1728 1057 divinare,
1805 975 2074 1066 quove
2140 947 2435 1030 rectius

588 1074 912 1197 loquar,
947 1082 1333 1166 affirmare
1374 1079 1580 1196 quae
1621 1076 1911 1163 videris
1969 1105 2066 1198 ear
2128 1097 2434 1188 praete-

590 1210 813 1316 ritis,
852 1241 1057 1330 quae
1120 1207 1309 1297 sunt
1372 1233 1963 1327 argumentum,
2028 1225 2107 1290 et
2167 1203 2437 1288 conie-

604 1344 839 1425 ctatio
902 1342 1397 1448 futurorum,
1464 1339 1769 1425 nedum
1834 1370 1994 1424 non
2060 1334 2438 1450 speranda

602 1467 810 1577 fore,
848 1471 988 1556 sed
1032 1473 1299 1586 potius
1338 1466 1870 1583 desperanda3
1911 1469 1970 1551 si
2001 1491 2160 1553 tam
2189 1464 2437 1549 muita

606 1599 849 1712 polite
890 1601 1181 1706 dicere,
1211 1629 1414 1717 quae
1444 1629 1603 1683 non
1634 1625 1932 1710 arguas,
1959 1623 2102 1680 nec
2129 1593 2438 1705 probes,

604 1730 917 1842 probari
982 1731 1311 1849 quidem
1390 1755 1580 1814 non·
1619 1749 1988 1840 possunt,
2047 1723 2432 1840 'pulcrum

616 1857 883 1965 ducis,
924 1891 1272 1967 resume,
1314 1855 1737 1970 responde,
1780 1855 2022 1974 proba
2052 1922 2075 1961 ,
2113 1851 2246 1938 dic
2274 1918 2298 1960 ,
2343 1876 2436 1950 ut

604 1987 1178 2101 appellantium
1218 2014 1366 2078 est.
1404 1986 1661 2102 Quod
1704 2018 1874 2078 non.
1903 1985 2093 2094 dixi,
2119 1986 2376 2071 dicam
2409 2050 2436 2091 ,

610 2118 833 2232 quod
877 2151 1037 2204 non
1080 2120 1443 2234 probavi,
1482 2118 1880 2236 probab03
1918 2116 2050 2201 dic
2077 2182 2102 2222 ,
2137 2139 2219 2200 et
2260 2114 2382 2198 fac
2407 2177 2437 2223 ,

599 2269 692 2329 ut
729 2245 951 2358 libet,
968 2249 1393 2336 mendaciis
1412 2275 1677 2336 tamen
1704 2249 2091 2334 abstineas
2122 2275 2430 2364 moneo.

602 2374 1114 2467 Parmenonis
1178 2382 1478 2488 verbis,
1543 2406 1636 2467 ut
1701 2378 1833 2463 ille
1896 2380 2162 2494 inquit
2189 2443 2214 2483 ,
2283 2376 2430 2461 hac
2465 2490 2472 2497 α
2509 2488 2516 2495 α

600 2500 773 2617 lege
841 2508 985 2593 tibi
1051 2506 1301 2597 fidem
1364 2507 1790 2625 adstringo,
1829 2538 2084 2594 meam
2115 2572 2135 2593 .
2175 2510 2434 2620 -Quae

601 2662 783 2719 vera
823 2636 1095 2725 andivi
1173 2662 1431 2749 taceo,
1493 2663 1574 2725 et
1649 2639 1950 2751 optime
2012 2640 2379 2723 contineo
2405 2702 2430 2724 .

596 2762 741 2849 Sin
779 2760 1108 2874 salsum,
1144 2792 1286 2853 aut
1326 2797 1660 2875 vanum,
1710 2791 1846 2854 aut
1907 2762 2188 2867 fictum
2253 2790 2373 2849 est
2403 2833 2430 2871 ,

586 2894 973 3015 continuo
1011 2895 1271 3012 palam
1309 2922 1466 3004 est,
1507 2895 1786 3009 plenus
1823 2896 2198 2978 rimarum
2223 2926 2431 2993 sum,
2465 2995 2468 3004 Ι

608 3017 755 3107 hac
790 3045 1033 3140 atque
1072 3022 1249 3111 illac
1289 3016 1642 3139 perfluoss
1679 3023 1914 3111 Proin'
1983 3047 2071 3107 tu
2101 3087 2130 3133 ,
2193 3028 2425 3105 taceri

454 3222 460 3229 ,
532 3156 539 3163 ’
590 3150 660 3235 si
700 3151 860 3262 vis,
898 3180 1084 3240 vera
1121 3153 1418 3267 dicito;
1457 3155 1738 3241 tacebo
1762 3152 2127 3273 quidem,
2177 3156 2428 3249 immo
2471 3232 2482 3246 ,

594 3278 946 3392 fatebor,-
978 3308 1065 3370 et
1101 3287 1546 3394 assentiam,
1584 3314 1790 3404 quae
1835 3316 2017 3370 vera
2078 3286 2372 3370 dixeris
2403 3353 2424 3373 .

588 3411 679 3497 Si
716 3411 1153 3517 redibisad
1220 3413 1447 3526 falsa,
1509 3448 1670 3502 non
1734 3417 2018 3529 patiar,
2085 3445 2267 3499 mox
2335 3417 2416 3498 in

590 3538 1260 3630 conflictationem
1297 3543 1870 3631 descendemus
1895 3607 1920 3629 .
1961 3541 2132 3627 Nec
2179 3544 2422 3627 credo

588 3688 671 3753 to
744 3672 1172 3763 mendaciis
1241 3675 1605 3763 obtinere
1667 3705 1874 3793 quae
1940 3671 2158 3757 voles
2177 3739 2208 3777 ‚
2271 3702 2423 3755 nec
2532 3664 2540 3673 ’
