2981 4742
1946 337 1952 343 ’
2083 340 2234 426 131

480 516 653 573 cem
687 553 709 593 ‚
788 482 1173 569 Biordnm
1254 481 1359 566 de
1439 462 1902 569 Michilottis
1931 546 1954 588 ,
2034 468 2312 565 merito

484 614 1023 699 discedentem
1122 645 1160 694 a
1252 612 1471 695 vobis
1533 614 1616 694 in
1669 611 1993 695 ‘foedera
2061 620 2322 692 nostra

485 746 862 832 transire.
907 744 1066 826 lam
1134 742 1493 849 videbis,
1553 767 1638 825 et
1705 742 1994 825 senties
2060 762 2324 851 gentes

492 899 781 959 vestras
800 939 833 995 2
872 894 951 957 et
990 874 1251 983 copias
1290 875 1369 955 in
1415 894 1770 957 nostrum
1832 870 2338 961 territorium,

490 1004 904 1088 redeuntes
932 1040 959 1109 ‚·
993 1002 1287 1087 amissis
1326 1000 1902 1118 discursoribus
1929 1065 1953 1109 ,
1995 998 2326 1084 rorario-

484 1164 828 1256 rumque
876 1134 1036 1217 acie
1076 1132 1435 1245 dissipata
1466 1199 1489 1240 ‚
1529 1133 1864 1246 turpiter
1902 1127 2328 1249 aufugisse.

492 1265 655 1347 Iam
747 1262 1020 1346 audies
1102 1263 1560 1347 uuiversum
1656 1260 1885 1346 illum
1977 1280 2332 1343 vestrum
2371 1258 2378 1265 ’

492 1393 923 1478 exercitum
963 1391 1608 1476 obsidebuudum
1650 1385 2124 1505 oppidulum
2189 1412 2333 1467 uo·
2459 1448 2472 1461 .

497 1545 749 1605 strum
818 1523 1168 1608 Riucinis
1235 1520 1788 1629 circumdare,
1849 1508 2335 1630 tandemque

496 1644 705 1764 turpi
748 1651 1225 1735 discessione
1290 1676 1568 1765 coepta
1607 1650 1926 1768 liquisse
1963 1676 2098 1733 sua
2127 1710 2148 1731 .
2187 1644 2332 1729 Vi·
2391 1748 2416 1761 ς

460 1880 467 1887 ,
500 1780 725 1865 debis
764 1782 995 1865 etiam
1037 1781 1724 1895 incomparabilem
1765 1781 2056 1865 ducem
2087 1777 2354 1864 Caro-⁹

504 1905 675 1993 lum
720 1906 1204 1995 Malatestam
1271 1900 1604 2018 uostris,
1665 1934 1747 1995 et
1809 1908 2144 1993 aliorum
2211 1935 2329 1989 so·

496 2038 803 2147 ciorum
847 2039 1321 2150 cougregatis
1358 2038 1662 2126 auxiliis
1690 2106 1715 2147 ,
1750 2036 2012 2122 inclita
2066 2036 2326 2122 Vene-

500 2174 767 2248 torum
800 2178 1093 2273 'mauu,
1135 2164 1540 2252 fiuvialem
1586 2166 1891 2252 domiui
1959 2166 2077 2250 tui
2142 2163 2332 2246 clas-

498 2321 666 2377 sem
710 2296 1033 2380 victoria
1065 2296 1508 2407 plenissima
1537 2297 1938 2412 dissipare.
1971 2292 2142 2380 Nec
2171 2322 2328 2405 non

500 2441 578 2502 et
622 2442 1065 2506 terrestrem
1107 2425 1536 2510 exercitum
1577 2427 1794 2540 apud
1861 2425 2330 2509 Governum

465 2645 469 2649 .
502 2571 841 2634 castrum
884 2548 1087 2634 illud
1119 2617 1144 2657 ‚
1181 2575 1768 2640 tormentorum
1809 2552 2141 2656 ictibus,
2183 2550 2336 2633 disa

502 2675 765 2788 sipatis
802 2679 1249 2784 moenibuS,
1287 2706 1892 2795 expugnantem,
1927 2681 2135 2764 duce
2173 2679 2342 2762 viro

511 2803 703 2913 illu,
756 2805 998 2914 belli,
1066 2811 1307 2925 atque
1373 2812 1582 2924 pacis
1645 2811 1943 2898 artibus
2009 2805 2342 2915 illustri,

502 2934 791 3022 Iacobo
828 2936 1267 3060 deVerme
1296 3005 1321 3048 ‚
1357 2971 1603 3058 quem
1646 2937 2160 3026 celebrandae
2229 2939 2342 3022 vi—

500 3067 788 3151 ctoriae
832 3087 1137 3152 uostr'ae
1192 3067 1427 3182 gratia
1500 3073 1871 3177 nominc,
1948 3067 2128 3154 licet
2193 3066 2339 3151 cla-

499 3197 667 3282 rius
710 3193 992 3282 babere
1036 3197 1355 3284 militiae
1394 3199 1624 3286 iubar·
1689 3227 1919 3312 neges
1985 3196 2281 3284 Italiam
2312 3263 2335 3304 ,

495 3322 818 3409 viriliter
858 3323 1280 3439 fugavisse.
1322 3329 1610 3416 Procul
1654 3355 1844 3444 tunc
1882 3351 2080 3412 artes
2106 3393 2129 3434 ‚
2178 3324 2324 3411 mia

494 3447 903 3571 litarisque
940 3457 1210 3568 peritia
1242 3523 1267 3564 ‚
1305 3480 1383 3543 et
1423 3456 1552 3542 illa
1608 3455 1974 3572 pollentis
2041 3455 2331 3538 exerci-

493 3599 623 3664 tus
660 3581 1045 3670 fortitudo
1074 3652 1099 3693 ,
1134 3585 1609 3705 dominique
1653 3586 1770 3671 tui
1815 3579 2115 3669 infinita
2188 3603 2321 3695 po·-

504 3711 744 3796 tentia
769 3777 792 3800 .
872 3711 985 3803 Et
1054 3723 1137 3802 ut
1196 3745 1479 3825 verum
1550 3745 1708 3800 non
1775 3740 2063 3799 taceam
2100 3778 2122 3819 ,
2189 3711 2332 3794 uisi
