2981 4742
758 365 941 424 xxvl

699 484 896 570 lieet
937 505 1290 574 martem
1323 487 1599 602 patris
1638 488 1910 574 nostri
1950 481 2295 570 Colucii
2361 480 2524 567 elo·
2591 503 2599 512 ’

697 617 1222 732 quentissimi
1259 624 1682 728 omnium,
1740 632 1824 702 et
1890 615 2537 750 sapientissimi,

701 781 947 863 quem
1013 785 1166 867 ego
1231 750 1526 837 multis
1593 749 1980 835 lacrimis
2052 760 2543 859 prosecutus

621 871 628 878 ’
689 911 872 964 sum
952 874 1289 1000 ingenti
1362 879 1644 966 cordis
1735 882 2242 962 acerbitate
2320 875 2527 965 ,Non

692 1011 916 1089 enim
945 1012 1121 1092 sine
1153 1037 1483 1126 magna,
1511 1008 2268 1124 inexplicabilique
2294 1003 2515 1090 dola·

693 1164 788 1217 re
814 1199 837 1240 ,
878 1136 1265 1252 luctuque
1302 1168 1523 1224 mors
1564 1143 1721 1223 viri
1758 1156 1958 1222 tam
1996 1141 2548 1249 praestantis-

698 1267 892 1349 simi
942 1283 1216 1373 potest
1275 1273 1919 1380 praetermitti,
1964 1269 2134 1351 nisi
2198 1263 2545 1350 velimus

691 1397 1017 1500 animi,
1058 1413 1206 1479 aut
1269 1395 1551 1486 cordis
1592 1428 1761 1482 esse
1775 1397 2104 1505 ferrei,
2170 1413 2318 1477 aut
2386 1401 2538 1476 im-

693 1529 1086 1609 memoris
1125 1544 1248 1610 tot
1274 1591 1297 1630 ‚
1351 1543 1987 1640 tantorumque·
2034 1527 2487 1637 officiorum
2517 1590 2541 1630 ‚

699 1683 911 1767 quae
948 1658 1122 1764 ipse
1159 1718 1182 1759 ,
1221 1655 1338 1739 du
1365 1687 1449 1739 m
1495 1661 1712 1742 vixit
1739 1689 1762 1762 ·,
1793 1686 1952 1768 pro
1989 1681 2144 1741 sua
2186 1655 2536 1738 clemen-

690 1786 814 1863 tia
842 1844 865 1884 ‚
905 1800 1169 1896 atque.
1198 1785 1723 1869 humanitate
1762 1789 1854 1867 in
1898 1811 2045 1866 nos
2123 1782 2526 1878 contulit„

690 1912 1228 2029 Quamquam
1269 1911 1420 2000 hoc
1463 1913 1807 2032 quidem
1832 1932 1973 2015 ‚est
2016 1914 2245 1996 nobis
2311 1890 2531 1996 com-³

685 2071 942 2125 mune
969 2103 992 2147 ‚
1031 2073 1286 2158 quum
1323 2045 1635 2128 multos
1660 2070 1977 2156 quoque
2019 2045 2175 2124 iste
2208 2046 2528 2150 partim

690 2176 956 2256 verbis
998 2175 1544 2285 amplissimis
1595 2178 1951 2274 ornarit,
1967 2174 2301 2283 partim
2344 2174 2525 2254 sub-
2570 2271 2575 2274 Ι

625 2398 634 2407 ,
686 2301 984 2387 levarit
1033 2297 1319 2413 factis
1399 2303 2256 2415 munificentissimis.
2351 2295 2527 2387 Sed

685 2428 934 2517 allud
993 2432 1416 2585 quoddam
1484 2449 1652 2539 est,
1716 2426 1933 2551 quod
1975 2462 2120 2516 nos
2187 2461 2513 2537 omneS,

690 2567 898 2676 qai
936 2569 1366 2676 sequimur
1438 2562 1721 2657 studia
1800 2562 1851 2645 l
1860 2566 2137 2647 uiusce
2215 2564 2503 2647 huma·
2612 2656 2618 2662 ,

615 2778 619 2784 ,
691 2695 1035 2797 nitatis,
1079 2695 1521 2807 compellat
1563 2723 1735 2781 esse
1787 2688 2118 2777 summo
2152 2697 2250 2774 -in
2294 2722 2509 2777 moe·

687 2850 876 2931 rore
905 2885 926 2924 ‚
965 2852 1066 2904 ac
1106 2823 1364 2909 luctu.
1396 2825 1851 2909 Amisimus
1880 2828 2100 2904 =enim
2123 2836 2457 2934 patrem
2481 2889 2503 2929 ,

671 2980 917 3064 quem
988 2953 1337 3062 posthac
1403 2984 1572 3037 non
1619 2954 1896 3061 facile
1946 2956 2448 3063 reperiemus
2476 3016 2497 3037 .

663 3082 1134 3166 Amisimus
1211 3084 1484 3167 virum
1564 3081 2035 3167 studiorum
2126 3087 2501 3167 omnium

670 3208 1391 3297 studiosissimum.
1419 3211 1883 3297 Amisimus
1911 3215 2327 3302 hominem
2359 3246 2501 3299 no-

670 3346 830 3425 stri
858 3370 1070 3454 prae
1108 3348 1406 3428 ceteris
1434 3349 2163 3432 amantissimum.
2192 3344 2498 3430 Amisi-

671 3500 851 3555 mus
885 3491 1245 3584 portum,
1283 3506 1385 3559 ac
1424 3476 1853 3591 refugium
1895 3484 2267 3563 omnium
2310 3506 2494 3559 eru-

671 3599 1040 3684 ditorum
1061 3666 1086 3708 ,
1125 3604 1408 3691 lumen
1436 3610 1815 3719 patriae,
1850 3611 2307 3718 Hesperiae
2349 3603 2492 3687 de-

663 3762 804 3818 cus
831 3796 851 3818 .
881 3729 1278 3821 Vidimus
1320 3737 1662 3845 multos,
1690 3738 1958 3822 multa
1999 3736 2353 3853 legimus
2378 3731 2491 3821 dc
