2981 4742
812 331 916 384 υ
1759 385 1771 394 ,
1897 382 1903 388 .

739 470 984 552 genus
1008 504 1033 547 ,
1057 437 1222 522 sive
1249 457 1552 542 natura,
1590 433 1749 518 sive
1776 433 2365 542 consuetudine,
2390 435 2558 520 sive

732 568 991 653 forsan
1035 591 1365 684 utraque
1402 561 1566 672 fiat,
1595 593 1740 650 nec
1779 562 2145 649 videntur
2181 560 2511 678 diligere
2536 628 2561 670 ‚

731 726 878 782 nec
942 718 1215 808 optare
1242 760 1264 782 .
1303 697 1435 800 Tu
1481 722 1668 776 vero
1705 689 1919 776 solus
1960 692 2107 778 hoc
2157 723 2561 790 summum

731 828 1162 912 divinitatis
1201 855 1516 929 munus,
1556 819 2089 906 foedissimum
2118 808 2562 936 reputasjet

722 947 1134 1062 abhorres,
1172 957 1401 1040 cuius
1441 954 1867 1036 sententiae
1909 983 2067 1036 uon
2108 953 2441 1037 arbitror
2483 977 2561 1036 te

719 1087 1030 1172 socium
1070 1085 1426 1169 iuvenire
1453 1148 1476 1186 ,
1515 1075 1751 1174 etiam
1790 1081 1942 1166 sub
1994 1085 2108 1164 tui
2180 1083 2561 1196 principis

737 1213 1208 1322 dominatu3
1245 1211 1445 1296 adeo
1511 1209 1859 1294 naturale
1927 1233 2041 1294 est
2104 1209 2429 1324 diligere
2470 1211 2562 1294 li-

719 1343 1158 1429 bertatem.
1223 1344 1416 1454 Quo
1483 1337 1693 1444 mihi.
1742 1338 2113 1448 videtur,
2173 1371 2336 1426 nou
2402 1339 2550 1425 hu·
2680 1387 2685 1394 ·

719 1471 1044 1558 militate
1073 1538 1096 1579 ,
1133 1470 1276 1556 sed
1318 1471 1510 1557 vitio
1565 1492 1641 1552 te
1682 1500 1905 1581 posse
1943 1499 2349 1554 servorum
2390 1501 2555 1554 ser·
2640 1485 2651 1496 ‘

713 1630 950 1710 vum,
976 1604 1222 1687 immo
1247 1599 1541 1687 debere
1569 1599 2129 1684 rationabiliter
2155 1599 2561 1715 appellari,

718 1727 882 1814 Sed
922 1761 1066 1816 cur
1119 1758 1436 1815 servum
1476 1751 1558 1812 te
1600 1758 1801 1814 voco
1824 1793 1849 1835 ,
1889 1730 2031 1844 qui
2100 1751 2259 1814 tam
2329 1727 2559 1814 valde

711 1857 1086 1944 servitute
1123 1857 1532 1943 delectaris
1573 1879 1753 1965 tua,
1790 1855 2015 1974 quod
2057 1887 2218 1940 nou
2257 1857 2557 1972 pudeat

716 2013 994 2072 vocare
1009 1986 1535 2074 foedissimam
1554 1985 2031 2070 libertatem?
2049 1985 2325 2096 Immo,
2335 1985 2561 2104 quod

719 2115 1040 2205 stultius
1079 2144 1198 2204 est
1226 2185 1250 2226 ‚
1291 2147 1452 2204 nou
1493 2147 1576 2202 es
1615 2117 1912 2204 veritus
1961 2124 2145 2201 'eam
2212 2119 2561 2230 tyranni·

707 2242 896 2333 dem
937 2248 1556 2334 crudelissimam
1597 2245 1985 2361 appellare
2013 2311 2034 2333 .
2076 2244 2345 2358 Quod,
2383 2239 2561 2332 ver-
2682 2314 2689 2320 .

701 2374 1137 2467 ‘hum'cu'm
1174 2408 1450 2465 omnes
1492 2378 1740 2461 risum·
1779 2377 1929 2461 isse
1965 2374 2091 2461 vel
2131 2380 2244 2461 ire
2296 2402 2559 2465 certus

707 2507 908 2615 sim,
946 2508 1152 2595 ferre
1193 2539 1351 2600 nou
1393 2506 1615 2621 potui
1650 2570 1671 2594 .
1711 2504 2137 2623 Numquid
2205 2504 2561 2627 aliquam
2604 2525 2611 2528 ’

706 2638 914 2721 nosti
956 2636 1084 2728 vel
1139 2640 1221 2721 iu
1289 2634 1508 2723 Italia
1538 2702 1561 2743 ,
1625 2634 1751 2719 vel
1818 2634 2002 2720 alibi
2069 2636 2504 2725 libertatem
2531 2706 2556 2749 ,

705 2750 1046 2877 quaesit
1085 2763 1732 2849 Florentinorum
1770 2763 2131 2851 libertate
2185 2766 2499 2853 liberior
2536 2837 2559 2877 ,

705 2914 846 2977 ant
884 2891 1259 3005 integrior
1285 2960 1308 3001 ‚
1349 2893 1477 2981 vel
1541 2924 1779 3011 quam
1850 2919 2152 2981 nostrae
2218 2896 2560 2985 libertati

713 3014 958 3135 possis
983 3089 1007 3129 ‚
1051 3053 1147 3108 ne
1189 3053 1638 3138 comparare
1678 3022 2013 3111 dixerim
2044 3092 2066 3133 ‚
2104 3028 2487 3115 anteferre
2524 3032 2563 3115 ἱ)

714 3138 1089 3261 Talisue‘
1113 3175 1226 3237 est
1267 3155 1621 3267 tyrannis
1661 3152 1789 3237 illa
1832 3155 2190 3266 dominii,
2228 3160 2354 3241 cui
2398 3189 2559 3243 ser-

707 3281 828 3363 vis
858 3345 883 3388 ,
917 3279 1142 3397 quod
1184 3282 1679 3395 tyrannidem
1720 3281 2008 3367 audeas
2064 3284 2131 3369 F
2134 3284 2551 3369 lorentino-

646 3429 653 3436 ·
707 3438 891 3493 rum
932 3409 1196 3494 dicere
1235 3408 1673 3496 libertatem
1708 3476 1729 3496 .
1772 3412 1950 3497 Scio
2016 3414 2257 3530 quod·
2305 3416 2553 3525 gravis

592 3567 602 3575 “
703 3561 787 3627 et
824 3540 1065 3626 instar
1104 3541 1502 3645 servitutis
1564 3564 1677 3624 est
1711 3605 1733 3646 ,
1798 3564 2059 3627 eustos
2130 3539 2390 3653 legum
2458 3539 2552 3624 li·
2607 3654 2613 3660 ³

707 3666 964 3757 bertas
991 3735 1015 3779 ,
1054 3672 1338 3783 gravis,
1376 3692 1452 3755 et
1494 3670 1731 3755 instar
1772 3672 2164 3758 servitutis
2188 3696 2301 3759 est
2330 3670 2548 3755 effre·
