2981 4742
2226 383 2364 444 ¹01

603 497 961 621 denique
1017 501 1224 610 fato
1249 565 1274 608 ‚
1321 519 1605 624 utque
1636 502 2047 612 fortuna.
2082 531 2218 588 vos
2282 494 2435 616 solz

605 647 940 714 tantam
981 631 1180 716 belli
1217 631 1897 746 magnitudmem
1939 629 2303 716 subeatis
2331 686 2351 711 .

707 759 896 880 'Hoc
938 783 1196 845 totum
1226 825 1250 866 ,
1286 759 1511 877 quod
1550 759 1749 846 dicis
1776 827 1800 867 ,
1839 760 2017 877 quis
2064 788 2222 844 non
2267 751 2439 838 irri-

607 885 787 971 deat
815 955 837 997 ,
878 891 1060 1006 quis
1093 919 1263 978 ,non
1331 884 1881 974 stultissimum
1946 915 2109 972 esse
2174 883 2443 968 dicat?

601 1019 839 1103 Tune
908 1013 1330 1132 praesumis
1397 1019 1898 1104 Florentinos
1962 1017 2387 1102 admonere
2416 1078 2443 1121 ,

599 1148 801 1262 quid
843 1180 1008 1232 non
1054 1172 1422 1263 sperent,
1463 1151 1797 1237 excitare
1836 1146 2059 1267 quod
2099 1147 2442 1256 cogitent

597 1305 751 1390 qua
793 1279 1088 1364 ratione
1130 1277 1270 1362 soli
1328 1278 1482 1362 sint
1550 1280 1737 1362 tanti
1804 1276 2001 1362 belli·
2056 1273 2445 1386 magnituf

593 1405 868 1488 dinem
909 1405 1318 1492 subituri?
1358 1407 1579 1492 Num
1624 1428 1701 1489 te
1741 1403 1945 1489 forte
1985 1399 2435 1525 ponsuient,

594 1530 720 1614 vel
761 1533 862 1618 ab
901 1537 1045 1643 eis,
1085 1540 1223 1652 qui
1257 1537 1624 1620 nesciunt
1656 1536 1797 1618 nisi
1830 1534 2101 1618 misera
2137 1530 2435 1615 ratione
2544 1563 2549 1569 ·
2594 1537 2599 1542 ’

590 1664 878 1747 servire
906 1730 930 1772 ‚
975 1663 1124 1750 hoc
1165 1689 1281 1750 est
1311 1665 1571 1750 servili
1603 1663 2060 1749 conditione
2086 1663 2434 1771 subesse,
2545 1694 2558 1702 ·

589 1791 895 1904 capient
939 1794 1227 1876 monita
1260 1859 1282 1900 ,
1324 1791 1450 1877 vel
1479 1779 1947 1906 ¹exemplum
1982 1793 2019 1877 Ρ
2057 1790 2166 1875 Et
2230 1820 2435 1904 qno-

588 1922 794 2008 niam
837 1920 939 2004 de
978 1922 1136 2006 sato
1179 1954 1321 2008 nos
1365 1925 1793 2034 interrogas
1823 1986 1847 2030 ,
1909 1944 1989 2006 et
2056 1918 2373 2006 fortuna
2404 1985 2429 2028 ,

585 2051 984 2165 numquid
1051 2051 1241 2138 haec
1267 2119 1291 2163 ‚
1374 2051 1499 2137 vel
1578 2051 1780 2136 illud
1810 2117 1834 2161 ,
1912 2052 1996 2153 in
2062 2051 2433 2162 manibus.

581 2179 1032 2291 mortalium
1070 2183 1210 2266 sita
1249 2185 1495 2268 sunt?
1531 2184 1765 2294 Quae
1804 2210 1991 2266 eum
2019 2208 2251 2293 supra
2281 2210 2426 2265 nos

582 2308 736 2393 sint
764 2376 786 2416 ,
829 2339 973 2395 neo
1012 2311 1122 2394 ‘in
1187 2334 1446 2396 nostra
1516 2332 1890 2425 potestate
1956 2329 2365 2393 versentur
2389 2376 2416 2418 ‚

580 2437 782 2551 qnid
823 2437 1036 2523 aliud
1079 2469 1495 2553 possumus
1522 2439 2037 2553 respondere,
2061 2438 2219 2523 nisi.
2238 2467 2424 2523 con·
2488 2458 2493 2463 ’

578 2590 872 2657 stanter
913 2568 1041 2653 illa
1082 2571 1533 2655 necessitate
1573 2567 1778 2654 fatali
1809 2634 1833 2675 ,
1872 2564 2075 2682 quae
2126 2570 2421 2654 summi

579 2698 735 2783 Dei
780 2698 1140 2786 voluntas
1179 2724 1353 2808 est,
1396 2698 1684 2813 illaque
1750 2698 2061 2784 fortuna
2093 2765 2118 2807 ,
2175 2727 2421 2813 quam
2550 2712 2557 2717 ’

575 2828 742 2912 eius
817 2828 1225 2943 dispositio
1300 2829 1821 2938 ministrabit,
1900 2827 2133 2913 buius
2214 2828 2408 2915 belli

460 2984 468 2995 ·
574 2959 889 3042 turbine
968 2990 1108 3044 nos
1187 2962 1509 3048 usuros?
1573 2962 1841 3045 Vnum
1922 2982 2183 3044 autem
2249 2960 2407 3045 Dei

573 3083 1044 3197 benignitate
1123 3120 1282 3174 non
1359 3087 1661 3197 deerit,
1726 3090 2032 3174 animus
2116 3088 2415 3175 seilicet
2535 3165 2540 3174 .

571 3210 916 3334 integer,
989 3219 1296 3303 animus
1372 3240 1673 3328 rectus,
1754 3220 2065 3305 animus
2140 3216 2345 3303 liber
2382 3284 2409 3328 ‚

571 3347 874 3430 animus
912 3345 1013 3431 ad
1053 3372 1332 3434 cuncta
1362 3367 1387 3457 ‚‘
1422 3380 1627 3468 quae
1686 3348 1901 3435 Deus
1953 3346 2174 3455 vnit,
2210 3347 2412 3433 inv-i-
2462 3408 2475 3419 -

570 3497 785 3584 ctus,
823 3479 1122 3563 animus
1177 3504 1583 3587 constans,
1636 3502 1716 3564 et
1768 3475 2265 3593 impavidus,
2328 3501 2411 3565 et

569 3608 706 3720 qni
749 3637 1144 3725 nunqnam
1187 3607 1618 3695 defletur-us
1658 3610 1762 3694 sit
1800 3641 1881 3695 se
1922 3607 2431 3727 quidquam,-

568 3734 790 3851 quod
829 3766 974 3852 pro
1013 3737 1364 3829 libertate
1403 3738 1571 3828 fieri
1611 3741 1997 3869 potnerit,
2032 3739 2402 3830 omisisse.
