2981 4742
695 320 863 431 ,24—
959 363 970 372 ·

676 491 901 574 rem,
941 463 1002 549 si
1041 483 1126 548 te
1165 485 1426 550 tamen
1463 455 1865 545 bominem
1917 484 2268 570 gereres,
2320 454 2529 542 iudi-

667 590 1072 702 candum3
1102 591 1433 678 cunctis
1510 611 1773 676 tamen
1852 587 1996 673 ista
2072 585 2515 762 legentibus

663 719 998 811 exhibeo
1049 719 1532 806 dirimenda.

775 852 1081 959 Verum
1123 883 1310 937 cum
1339 881 1615 963 negare
1644 826 1979 934 videaris
2006 847 2505 935 Florentium
2606 903 2615 910 -

659 1000 904 1098 genus
941 967 1106 1066 ess‘e
1148 983 1626 1086 Romanum,
1664 980 1794 1066 dic
1838 1009 2138 1094 precor,
2184 979 2506 1063 ubinam

657 1112 1140 1198 contrarium
1206 1109 1619 1223 reperisti?
1676 1107 1846 1194 Cur
1910 1107 2133 1190 uobis
2198 1106 2513 1190 invides

657 1239 938 1358 quod,
995 1262 1304 1352 praeter
1369 1262 1450 1322 te
1514 1235 1830 1345 solum,
1897 1259 2053 1321 tota
2120 1237 2506 1322 consentit

654 1367 913 1477 Italia,
951 1366 1178 1486 quod
1219 1365 1486 1482 nullus
1553 1397 1911 1484 unquam
1942 1433 1967 1476 ,
2004 1366 2151 1451 uisi
2194 1390 2284 1452 tu
2312 1431 2337 1474 ,
2398 1390 2510 1452 te-

653 1498 966 1584 terrima
1042 1493 1362 1603 bellua,
1426 1488 1967 1604 contradixit,
2032 1493 2257 1613 quod
2311 1496 2513 1581 urbs

651 1626 902 1724 Roma
916 1625 1482 1740 ,Romanique
1550 1623 1984 1730 Principes,
2052 1621 2293 1708 nullis
2358 1655 2511 1708 un·
2562 1655 2603 1702 ι

654 1771 898 1871 quam
979 1751 1469 1866 temporibus
1546 1775 2025 1864 negaverunt
2054 1818 2079 1859 ,
2140 1750 2282 1838 sed
2344 1764 2507 1837 ‘nos

653 1878 860 1968 filios
884 1950 911 1994 ,
949 1913 1260 1969 carnem
1296 1911 1392 1968 ex
1430 1911 1660 1966 carne
1696 1913 1833 1968 sua
1860 1948 1885 1991 ,
1920 1906 2001 1968 et
2039 1911 2344 1974 ossaex
2384 1915 2507 1968 os-
2962 1961 2964 1972 ἰ

630 2009 878 2098 ‘sibus
942 2013 1104 2126 suis
1129 2077 1155 2118 ,
1191 2009 1426 2096 etiam
1467 2009 1549 2094 in
1589 2009 2055 2126 singularem
2092 2014 2215 2099 sui
2256 2013 2508 2097 nomi·
2608 2043 2613 2046 ·
2962 1991 2964 2112 ἶ

663 2143 790 2248 nis
829 2141 1212 2227 honorem
1241 2207 1266 2250 ,
1301 2163 1386 2225 et
1427 2140 1748 2254 gloriam
1792 2163 2224 2256 reputant,
2264 2139 2510 2260 atque·
2962 2125 2964 2144 ¹

535 2319 546 2328 »
663 2273 999 2360 'vocanti’
1037 2273 1390 2390 Quoque
1431 2295 1510 2356 te
1550 2269 1843 2387 pudeat
1908 2271 2205 2362 hocin
2267 2271 2506 2362 dubi·
2632 2265 2637 2268 ’

660 2404 1032 2489 tationem
1084 2401 1543 2487 stultissime
1608 2432 2057 2511 revocasse,
2126 2398 2319 2488 'volo
2378 2414 2501 2489 're-

664 2526 868 2615 ferre
907 2520 1108 2652 quid
1151 2526 1481 2617 sentiam
1506 2526 1925 2615 'desstantae
1968 2532 2302 2619 civitatis
2341 2534 2499 2620 ori-

660 2659 889 2773 gine,
939 2671 1021 2745 et
1091 2654 1209 2743 his
1272 2657 1772 2766 auctoribus,
1838 2688 2041 2775 quos
2105 2657 2503 2747 adducere

651 2809 970 2903 potet-Q,
998 2782 1506 2893 confirmare,
1532 2808 1667 2894 ut,
1696 2811 2115 2904 postquam
2156 2786 2311 2873 alio
2354 2788 2501 2875 tibi

649 2912 1090 3003 dicendum
1131 2914 1310 3000 loco
1347 2917 1777 3027 reservasti,
1805 2946 2044 3033 quam
2077 2916 2503 3030 impuden-

649 3066 776 3133 ter
800 3044 1344 3176 praedicemus
1372 3076 1515 3131 nos
1541 3076 1785 3160 genus
1823 3077 1987 3130 esse
2029 3048 2500 3156 Romanum,

645 3194 724 3259 et
759 3156 1106 3261 auferam
1134 3172 1681 3260 tibidelirandi
1713 3175 2134 3281 materiam,
2164 3200 2239 3259 et
2266 3205 2485 3262 occa-

643 3302 946 3390 sionem
985 3301 1389 3391 exhibeam
1447 3308 1735 3391 rectius
1785 3304 2213 3392 sentiendi.
2242 3306 2487 3391 Nunc

646 3456 919 3519 autem
967 3436 1344 3547 originem
1387 3434 1771 3520 relaturus
1813 3439 2141 3522 civitatis
2169 3436 2494 3521 Floren-

644 3544 1002 3670 tiae,rem
1007 3562 1360 3684 quidem
1389 3570 1804 3654 obscuram
1810 3565 2273 3685 ,multaque
2285 3591 2487 3651 tem

645 3676 934 3805 porum
961 3694 1424 3811 antiquitate
1447 3693 1855 3812 sepultam,
1868 3700 2035 3784 sine
2061 3696 2519 3785 dubitatio-
2584 3748 2589 3752 -
