2981 4742
2132 382 2250 464 72)

467 520 583 583 est
612 562 635 602 ‚
675 496 817 610 qui
861 523 1021 579 non
1062 489 1390 577 summis
1427 487 1712 576 studiis
1749 490 2080 576 exitium
2121 495 2290 575 eius

475 628 919 713 intenderet
947 690 971 730 ,
1035 644 1363 708 servaret
1429 615 1676 705 fidem
1753 618 2096 705 dominis
2124 688 2146 725 ‚
2221 645 2300 705 et

470 754 913 841 exclusione
944 754 1361 867 proditeris
1380 772 1540 833 non
1568 749 2298 862 laetaretur‚fugam,

378 960 387 969 .
473 882 965 999 salutemque
1010 879 1371 963 doleret?
1412 878 1646 988 Quae
1686 908 1872 962 cum
1927 879 2030 961 ita
2095 880 2247 962 sint
2280 946 2303 986 ,

414 1010 427 1093 ἶ
476 1010 891 1097 clarissima
931 1008 1263 1127 quidem
1302 1032 1486 1091 sunt
1516 1071 1540 1113 ,
1579 1037 1818 1124 quam
1861 1009 2118 1094 Sancti
2149 1006 2305 1092 Mi-

456 1144 707 1251 „utatis
733 1143 1202 1227 fortunatam
1236 1137 1765 1250 receptionem
1795 1136 2309 1246 vocas‚immo

478 1301 759 1357 vocare
802 1297 1065 1385 poteS,
1123 1271 1270 1353 nisi
1338 1272 1670 1381 primam
1737 1266 1950 1352 illam
1978 1333 2002 1375 ,
2069 1296 2312 1382 quam

338 1489 346 1497 ,
479 1402 763 1486 seriose
802 1399 1233 1516 descripsi?
1271 1400 1567 1509 Quam
1629 1422 2122 1518 properatam
2189 1429 2308 1482 re-

483 1529 919 1621 bellionem,
950 1526 1291 1643 appellas
1317 1593 1341 1635 ,
1374 1554 1588 1643 quae
1626 1556 1815 1611 cum
1853 1551 2108 1613 secuta
2155 1557 2318 1613 nou

486 1661 587 1743 sit
617 1725 642 1766 ,
678 1658 1004 1743 rebellio
1041 1658 1201 1742 dici
1240 1654 1582 1774 nequit?
1620 1654 1867 1763 Nam,
1917 1658 1981 1740 si
2047 1654 2321 1740 defen-

487 1789 789 1871 sionem
829 1783 1084 1893 illam‚
1124 1796 1401 1869 contra'
1434 1782 1831 1869 maledicti
1898 1782 2324 1897 proditoris

488 1916 702 2001 illius
740 1938 1065 1999 conatus
1104 1913 1385 1998 factam
1415 1979 1439 2021 ,
1462 1912 1741 2001 'Sancti
1795 1915 2144 2001 Miniatis
2207 1946 2326 2000 re-

494 2044 937 2158 ceptionem
974 2040 1341 2153 intellig'is
1367 2108 1390 2147 ‚
1430 2042 1490 2125 si
1534 2068 1856 2129 conatus
1895 2044 2070 2129 illos
2110 2074 2328 2130 acce-

490 2170 809 2256 leratam
849 2170 1049 2257 forte
1088 2170 1319 2255 nimis
1357 2166 1866 2259 rebellionem
1893 2174 2089 2259 dicis
2117 2204 2142 2283 ,·
2168 2204 2316 2259 cur

494 2298 595 2386 ad
638 2298 871 2398 verba
911 2296 1267 2411 confugis
1293 2363 1317 2406 ,
1354 2326 1561 2415 quae
1635 2329 1796 2386 non
1860 2301 2181 2417 possint·
2219 2306 2321 2386 si-

494 2426 862 2544 gnificare
900 2425 1123 2546 quod
1162 2413 1528 2539 intendis„
1567 2462 1936 2550 quaeque
1967 2455 2334 2547 nonpos-

500 2561 655 2643 sint
699 2557 935 2643 rebus
975 2558 1247 2670 gestis,
1288 2583 1375 2644 ut
1415 2562 1612 2674 ipsas
1653 2565 2116 2675 exprimant,
2145 2595 2336 2650 con·

504 2687 835 2774 venire?
874 2683 1097 2772 Nihil
1136 2687 1398 2771 minus
1436 2689 1869 2774 oratorium
1910 2714 2053 2798 est,
2095 2723 2338 2808 quam
2407 2792 2414 2800 .

508 2815 821 2921 dubiis,
888 2839 967 2900 et
1044 2813 1263 2900 aliud
1326 2846 1570 2934 quam
1633 2818 2036 2931 intendas»,
2073 2823 2345 2934 ,signi-

510 2941 927 3032 ficantibus
965 2942 1221 3029 verbis
1261 2947 1376 3029 uti
1408 3010 1427 3032 .
1470 2944 1954 3057 Sybillarum
1980 3015 2006 3059 ,
2044 2973 2124 3034 et
2177 2981 2350 3038 ora-

517 3074 889 3161 culorum
924 3096 1173 3183 est‚ut
1197 3072 1453 3192 inquit
1476 3075 1976 3193 eloquentiae
2001 3107 2355 3166 summae

481 3275 487 3279 .
522 3204 847 3306 Cicero,
885 3236 928 3288 a
967 3202 1271 3317 vulgari
1310 3234 1592 3317 genere
1631 3205 2000 3294 orationis
2026 3276 2050 3318 ‚
2113 3233 2355 3326 atque

522 3367 565 3420 a
604 3333 1185 3422 consuetudine
1224 3337 1672 3422 communis
1735 3333 2011 3425 sensus
2075 3340 2360 3426 abhor-

521 3492 696 3548 rere
723 3527 745 3551 .
783 3465 902 3550 Ut
939 3494 1067 3549 me
1109 3493 1399 3551 verum.
1424 3462 1723 3554 dikisse·
1749 3465 2188 3554 clarumsit
2215 3534 2240 3575 ,
2277 3493 2355 3554 te

524 3593 911 3680 rationem
950 3592 1325 3705 dicendi,
1364 3591 1490 3682 vel
1530 3617 1751 3708 parte
1805 3597 2134 3682 minima
2197 3625 2361 3684 non
