2981 4742
2081 339 2225 422 ¹7¹

284 445 292 452 ’
355 559 358 563 ,
459 461 586 546 lus
628 455 1068 572 ignorabat,
1107 477 1201 539 et.
1252 482 1489 570 quas,
1556 477 1644 545 ut
1708 441 2293 576 antiquissimae
2375 479 2389 492 ·

469 591 766 676 litterae
807 587 1289 678 testabantur
1316 651 1338 692 ,
1377 584 1685 670 domini
1722 587 1991 672 Caroli
2038 582 2308 695 Magni

467 722 1006 808 Romanorum
1060 717 1561 826 Imperatoris
1624 748 1789 819 esse
1856 716 2307 803 constabat.
2362 719 2369 726 ’

467 856 664 963 Quo
704 848 1010 932 desinas
1051 846 1415 928 admirari
1456 805 2099 946 Florentinorum
2174 843 2314 926 de-

475 985 890 1064 votionem.
921 976 1020 1062 ad
1061 978 1615 1062 sanctissimam
1672 976 2003 1062 domum
2070 975 2314 1097 Fran·-

469 1116 672 1216 ciae‚
713 1113 990 1226 sicque
1031 1107 1629 1218 gloriosissimus
1667 1108 1795 1191 ille
1822 1108 2133 1220 sanguis
2176 1135 2313 1218 pe-

470 1241 856 1324 culiarem.
885 1263 1152 1349 euram
1195 1234 1432 1318 buius
1471 1239 1594 1321 sui
1649 1236 1926 1351 populi
1991 1263 2309 1346 semper

475 1369 895 1480 gessit.-Et
939 1391 1027 1486 ut
1069 1365 1316 1478 prisca
1383 1364 1551 1472 illa,
1614 1359 1799 1452 licet
1870 1365 2263 1450 verissima
2295 1430 2320 1470 ,

425 1605 427 1608 Α
479 1497 1010 1620 dimittamus,
1065 1526 1327 1612 nonne
1393 1495 1643 1582 felicis
1710 1495 2318 1600 recordationis,

284 1701 290 1708 .
405 1696 410 1702 .
484 1626 1020 1741 gloriosaeque
1080 1627 1503 1710 memoriae
1568 1625 1907 1714 Carolus
1977 1627 2379 1738 primns,·

489 1756 954 1859 Ierusalem,
989 1737 1418 1858 et'Siciliae
1459 1753 1622 1840 Rex
1650 1820 1675 1860 ,
1740 1777 1933 1838 tunc
2000 1755 2329 1837 Provin-

399 1909 412 1917 “
487 1889 697 1996 ciae,
735 1909 814 1970 et
845 1882 1418 1970 Folchalcherii
1459 1882 1758 1970 Comes
1781 1951 1805 1992 ‚
1835 1883 2329 1970 ordinatione

499 2016 803 2104 Vrbani
872 2004 1154 2126 Quinti
1219 2012 1584 2126 deposito
1649 2011 2066 2100 Manfredo
2094 2080 2119 2121 ,
2183 2013 2331 2130 qui

495 2170 690 2230 tunc
731 2143 1036 2242 Siciliae
1077 2171 1416 2254 regnum·
1451 2171 1594 2256 per
1634 2143 2135 2256 tyrannidem
2201 2169 2335 2226 oc-

483 2273 877 2386 cupabat,
919 2271 1131 2354 venit
1174 2272 1255 2354 in
1296 2269 1637 2378 Italiam,
1676 2273 1843 2359 Rex
1882 2271 2132 2356 factus
2170 2292 2337 2377 est,
2416 2323 2427 2336 ·

498 2405 912 2515 pugnavit,
948 2426 1028 2486 et
1068 2402 1306 2487 vicit?
1345 2402 1763 2517 Siquidem
1804 2399 2137 2485 Carolus
2165 2401 2333 2511 ipse

447 2548 458 2559 '
505 2562 778 2644 magna
841 2529 1080 2617 classe
1159 2530 1378 2615 venit
1441 2530 1545 2615 ad
1608 2530 1919 2617 Urbem
1946 2594 1971 2637 ,
2030 2554 2110 2614 et
2174 2530 2343 2615 Rex

503 2661 876 2761 inunctus
949 2684 1066 2747 est
1096 2727 1121 2767 ,
1185 2689 1537 2779 cumque
1600 2660 2071 2759 fortissimus
2148 2689 2339 2745 suus

505 2790 882 2875 terrestris
919 2790 1312 2877 exercitus
1349 2812 1675 2904 propter
1726 2788 2345 2879 Gebellinorum

497 2920 1178 3033 congregationem
1218 2920 1302 3005 in
1341 2919 1823 3011 Lombardia
1864 2920 2145 3007 clausis
2182 2918 2348 3005 adi-

466 3096 472 3103 ·
507 3052 722 3137 tibus
791 3036 1264 3158 moraretur,
1328 3048 1623 3133 ihvicta
1702 3046 2349 3149 Florentinornm

505 3177 994 3298 Guelforum
1033 3208 1347 3286 manus,
1385 3179 1531 3297 qui
1598 3180 1753 3264 iam
1818 3180 2039 3265 annis
2100 3177 2391 3301 ferme

503 3334 803 3425 septem
841 3332 1188 3401 extorres
1227 3309 1470 3423 patria
1492 3302 1837 3420 ‘gloriose
1862 3314 1943 3395 in
1973 3309 2357 3407 Lombar-

507 3439 640 3523 dia
695 3436 1154 3555 militabant,
1191 3468 1274 3524 se
1313 3439 1501 3523 novi
1541 3440 1771 3553 Regis
1806 3440 2187 3527 exercitui
2224 3430 2372 3524 co-'

521 3570 1042 3679 ‘niunxer‘unt3
1081 3598 1286 3685 quae
1326 3598 1450 3655 res
1485 3598 1719 3670 causa
1756 3568 1912 3656 fuit
1951 3592 2043 3655 ut
2108 3570 2357 3655 Lom-

505 3694 1288 3817 -bardiscedentibus
1351 3698 1737 3789 exereitus
1807 3698 2180 3787 transiret
2241 3700 2360 3787 in-
