2981 4742
705 309 812 396 50

759 453 868 536 Et
911 449 1169 557 unde,
1211 479 1535 564 precor,
1601 448 1741 534 ista
1810 451 2253 559 coniectas?
2318 451 2483 544 Iam

638 581 758 666 his
802 569 1346 666 bellum'eum
1418 580 1743 664 domino
1812 606 1951 665 tuo
2014 585 2292 698 gessit,
2351 585 2496 667 im·

641 741 772 794 mo
850 711 1270 801 substinuit
1355 710 1697 824 populus
1779 711 2281 796 Florentinus
2309 779 2331 818 ‚
2412 736 2493 796 et

640 870 855 925 nune
931 841 1244 926 tertium
1328 839 1620 954 pendet
1648 906 1667 926 .
1751 839 1869 924 An
1904 893 1913 903 ·
1962 842 2220 952 primo
2285 841 2490 926 forte

631 970 843 1055 bello
883 972 1070 1056 tales
1113 996 1417 1054 nostros
1461 969 1723 1054 vidisti
1766 968 2175 1074 subditos,
2234 993 2323 1054 ut
2390 1002 2515 1055 ex·

635 1103 934 1186 ratione
977 1103 1362 1216 praeteriti
1411 1103 1653 1215 possis
1697 1098 1823 1182 illa
1856 1165 1878 1205 ,
1921 1131 2124 1216 quae
2180 1100 2480 1208 scribi3‚

635 1227 975 1315 inferre?
1017 1229 1452 1318 Sedverba
1483 1294 1507 1338 ,
1548 1259 1749 1345 quae
1792 1229 2257 1342 praemittis,
2296 1253 2478 1312 ante

632 1359 892 1442 omnia
955 1357 1497 1444 ventilemus.-
1534 1360 1635 1449 V
1624 1378 1657 1442 t
1724 1362 2114 1442 omittam
2148 1421 2169 1463 ‚
2236 1355 2431 1458 dicis
2461 1424 2484 1465 ‚

639 1509 953 1576 ceteros
996 1509 1301 1578 vestr-os
1343 1495 1723 1576 inimicos
1752 1552 1772 1575 .
1816 1488 1974 1574 Vbi
2044 1508 2227 1570 sunt
2256 1552 2279 1592 ,
2344 1488 2489 1570 ob-

641 1645 914 1723 secro,
956 1620 1196 1701 nostri
1267 1618 1608 1714 nominis
1676 1618 2041 1716 inimici?
2083 1619 2168 1703 Si
2235 1615 2492 1700 domi-

510 1781 519 1790 ·
597 1750 604 1768 ³
637 1775 834 1830 num
876 1770 1106 1833 tuum
1151 1745 1370 1830 tollas
1401 1814 1425 1854 ,
1465 1751 1690 1864 sique
1720 1813 1743 1854 ‚
1783 1747 1986 1830 sicut
2029 1745 2257 1830 decet
2288 1812 2311 1858 ‚
2346 1777 2494 1864 ‘au-

627 1871 826 1959 feras
866 1905 1068 1991 quos
1109 1875 1407 1960 invidia
1453 1901 1762 1962 nostrae
1804 1875 2194 1959 felicitatis
2262 1905 2492 1968 exco-

633 2003 857 2119 quit,
897 2027 973 2088 et
1016 2004 1407 2117 pellacitas
1453 2007 1568 2089 tui
1614 2003 1840 2090 ducis
1882 2004 2211 2090 adscivit
2239 2070 2262 2112 ,
2307 2034 2495 2088 exo-

633 2163 758 2217 sos
836 2131 1128 2216 invidia
1199 2131 1432 2240 facit,
1506 2133 1831 2217 offensio
1896 2125 2085 2216 <tero
2168 2153 2519 2246 generat·

631 2265 1018 2369 inimieOS‚
1057 2286 1146 2348 ut
1188 2291 1378 2346 cum
1425 2261 1685 2345 nullos
1727 2292 2189 2364 enumerare
2223 2259 2490 2376 possis,

631 2394 930 2509 quibus
969 2390 1430 2477 dederimus
1472 2426 1568 2481 ex
1607 2394 1894 2475 iniuria
1922 2420 2231 2478 causam
2262 2386 2485 2507 qund

556 2566 560 2582 ·
627 2524 928 2613 inimici
969 2524 1122 2608 sint
1152 2589 1175 2630 ‚
1218 2553 1378 2605 non
1420 2522 1775 2635 potueris
1845 2520 2205 2604 omittere
2260 2515 2487 2635 quod

604 2649 792 2739 ‘non
831 2676 947 2737 est
974 2718 998 2758 ,
1041 2682 1186 2737 nec
1227 2652 1596 2735 debueris
1639 2650 1703 2733 F
1712 2648 2293 2735 lorentinnrum
2344 2662 2486 2731 nd·

631 2810 818 2870 men
861 2781 1150 2867 talibus
1194 2780 1617 2867 mendaciis
1655 2809 1973 2865 onerare
2006 2845 2028 2887 ‚
2069 2777 2250 2864 lieet
2283 2779 2489 2893 ipsos

623 2894 903 3026 grati-s,
947 2939 1148 3015 cur,
1209 2910 1424 2993 enirn
1455 2976 1478 3017 ,
1530 2912 1908 3021 assignare
1980 2940 2140 2995 non
2214 2932 2487 3025 potes,

550 3034 558 3040 ’
625 3039 951 3153 elegeris
1039 3039 1398 3123 inimicos
1425 3103 1446 3126 .
1528 3037 1776 3151 Quod
1856 3064 2118 3127 autem
2180 3040 2437 3129 addis
2464 3107 2490 3151 ,

635 3174 934 3291 quibus
1006 3168 1224 3255 nihil
1302 3166 1637 3255 videtur
1717 3178 2143 3290 antiquius
2169 3238 2191 3279 ,
2226 3172 2486 3257 ‘dicas

633 3297 826 3385 mihi
867 3295 1157 3403 velim,
1229 3320 1630 3383 oratorum
1698 3303 2049 3415 optime,
2106 3297 2307 3418 quid
2374 3300 2486 3383 ibi

626 3422 1008 3540 significet
1051 3426 1541 3511 hoe-nomen
1601 3435 2083 3546 antiquius,
2150 3454 2228 3514 et
2294 3458 2484 3513 cum

524 3580 527 3584 ·
631 3585 774 3671 per
816 3556 1079 3669 ipsum
1123 3551 1557 3669 significare
1631 3556 1875 3667 velis,
1944 3580 2035 3645 ut
2100 3559 2485 3663 arbitror,

633 3714 797 3805 non
838 3687 1451 3799 praerogativam
1498 3690 1922 3803 temporis,
1963 3688 2107 3797 sed,
2145 3688 2491 3797 affectus,
