2981 4742
2375 196 2399 232 'K

2117 284 2127 299 ⁰
2216 298 2380 387 103

585 423 881 562 flictae
919 461 1114 530 sant
1146 509 1168 549 ‚
1208 434 1557 529 alterius
1617 438 1992 529 nondum
2060 437 2437 527 redinte-

610 576 1354 691 grataefbrtunae‘
1372 609 1414 680 3
1454 604 1508 656 a
1548 578 1794 659 tertio
1851 605 2042 659 vero
2108 565 2448 680 tantum

616 709 841 793 abest
884 724 1033 791 etc.
1078 704 1283 815 Quis
1322 702 1906 813 grammaticam
1959 696 2086 787 vel
2152 694 2463 783 medio·

464 868 468 873 ·
615 836 851 920 eriter
890 833 1169 918 doctus
1226 832 1365 915 tria
1434 828 1723 913 dividit
1791 860 1930 943 per
1999 827 2456 941 partitivum

484 949 487 955 ⁵
623 960 777 1048 hoc
820 992 1115 1046 nomeu·
1146 958 1341 1044 alter
1369 1025 1393 1065 ,
1432 959 1561 1043 cui
1605 989 1761 1041 non
1820 956 2213 1041 convenit*
2257 953 2462 1039 di'vi-

615 1093 849 1201 dere,
882 1093 1032 1179 ,nisi
1074 1081 1844 1175 solummodo'circa
1903 1088 2128 1173 duo?
2196 1087 2452 1175 Stulte

610 1224 846 1307 nimis
874 1290 898 1330 ,
939 1247 1020 1308 et
1062 1219 1632 1305 inconsiderate
1692 1212 2039 1336 loqueris
2068 1284 2093 1323 ‚
2158 1248 2249 1303 ae
2315 1220 2463 1303 im-

614 1355 910 1465 perite,
950 1350 1087 1466 qui
1129 1368 1276 1433 'nec
1318 1346 1518 1465 quid
1561 1348 1817 1453 dicas,
1859 1345 2222 1461 intelligis
2248 1414 2270 1454 ‚
2311 1376 2460 1433 nee

618 1477 1045 1628 quomodo·
1108 1475 1448 1593 loquaris
1476 1542 1500 1584 ,
1566 1474 1951 1563 advertis.
2018 1475 2129 1563 Et
2194 1496 2458 1562 tamen

618 1607 861 1693 audes
896 1638 985 1692 os
1024 1608 1103 1691 iu
1143 1599 1452 1693 coelum
1496 1634 1931 1719 apponere,
1988 1637 2134 1692 nec
2195 1606 2456 1695 sulum

624 1756 887 1821 tecum
931 1726 1131 1821 male
1169 1734 1502 1844 sentire,
1542 1733 1677 1819 vel
1707 1732 1974 1853 loqui,
2012 1734 2215 1822 sed
2191 1766 2272 1820 tu
2317 1730 2465 1851 p'u-

624 1862 925 1951 blicum
981 1865 1215 1949 etiam
1282 1863 1550 1976 egredi
1616 1893 1778 1949 uon
1848 1866 2187 1954 vereris.
2252 1866 2460 1955 Nam

628 2024 813 2078 cum
853 1993 957 2076 de
996 1992 1309 2077 fortuna
1374 1989 1608 2077 simul
1675 1993 1908 2080 etiam
1976 1996 2457 2109 interroges,

628 2144 832 2240 ‘quae
872 2124 971 2209 sit
1024 2126 1478 2238 inopinatus
1544 2123 1656 2208 rei
1721 2148 2052 2237 eventus
2118 2125 2474 2213 rationali

621 2276 1011 2340 creaturae
1050 2255 1544 2365 contingens„
1585 2278 1669 2339 tu
1701 2254 2166 2368 respondeas
2195 2256 2462 2366 velim,

625 2384 767 2500 'qui
808 2412 1019 2490 rem,
1060 2412 1259 2501 quae
1298 2385 1474 2468 sciri
1518 2412 1680 2469 non
1723 2408 2015 2497 potest,
2077 2415 2264 2470 eum
2328 2417 2460 2473 oe-

628 2511 833 2597 culta
876 2513 974 2598 sit
1005 2579 1027 2619 ,
1066 2535 1148 2596 et
1190 2512 1585 2625 inopinata
1610 2578 1632 2619 ,
1673 2543 1816 2596 uos
1859 2513 2312 2625 interrogas,
2331 2517 2473 2632 qui

424 2751 433 2760 ι
504 2759 508 2764 ⁸
630 2673 789 2728 uon
832 2640 1211 2756 intelligas
1249 2640 1664 2726 stultitiam
1705 2663 1923 2726 tuam
1952 2709 1973 2749 ‚
2016 2640 2159 2758 qui
2197 2642 2472 2730 subdi·-

634 2776 901 2857 toru'm
968 2794 1417 2855 nostrorum
1485 2791 1790 2854 mentes
1855 2773 2264 2884 agnoscis,⁴
2330 2778 2474 2895 qui

630 2902 1029 2986 sociorum
1072 2925 1532 3006 nostrorum·
1561 2898 1834 3008 futura
1892 2901 2212 2990 consilia
2277 2907 2472 2992 stul-

634 3032 803 3116 titia
881 3030 1307 3144 praesentis
1382 3054 1514 3114 tua
1555 3097 1578 3137 ‚
1671 3032 1814 3146 qui
1911 3036 2472 3149 praesuppouis

634 3157 825 3244 alios
864 3191 1026 3245 esse
1065 3157 1408 3244 facturos
1435 3225 1459 3268 ‚
1501 3161 1726 3277 quod
1765 3191 2072 3282 summa
2138 3162 2462 3250 stultitia

628 3287 830 3375 foret
870 3288 1375 3375 solummodo
1410 3289 1784 3405 cogitare,
1823 3293 1964 3409 qui
2006 3323 2195 3381 cum
2260 3293 2457 3380 nihil

627 3449 906 3546 eor-um
922 3451 1190 3539 ‚quae
1230 3443 1383 3506 tam
1426 3419 1667 3512 stulte
1707 3425 2130 3538 praesagire
2173 3422 2276 3509 de
2331 3453 2469 3508 uo·

624 3526 787 3658 bis,
827 3572 905 3637 et
948 3552 1224 3653 nostris
1262 3580 1498 3636 ausus
1535 3581 1667 3660 es,
1735 3551 2002 3639 videas
2071 3549 2492 3666 evenisse,

518 3747 523 3752 .
628 3673 763 3764 has
801 3677 1169 3768 stultitias
1210 3675 1591 3768 tamenin
1634 3681 1989 3772 animum
2056 3681 2466 3768 induxeris
2582 3778 2587 3783 ,
