2981 4742
781 372 880 428 to

683 465 1136 598 argumenta
1177 507 1619 590 sumerent3
1658 509 2026 566 ornarem
2066 507 2241 586 eos,
2281 472 2359 559 ni
2402 471 2547 560 fal-

683 616 842 726 lor,
881 616 1176 726 meritis
1212 619 1420 725 suis,
1482 613 2042 727 efficeremque
2108 605 2335 724 quod
2400 637 2536 728 Pa'.

681 748 906 833 triam
950 748 1210 834 verbis
1277 777 1438 832 non
1508 743 1959 850 laederent,
1998 767 2239 856 quam
2278 733 2545 852 ‘adhue

677 905 836 959 non
879 900 1302 992 potuerunt
1327 943 1352 986 ,
1392 904 1539 960 nec
1582 903 1717 988 per
1763 870 1913 956 Dei
1955 868 2269 980 gratiam
2315 887 2539 976 pote-

681 1031 920 1115 runt,
959 1010 1196 1092 etiam
1238 1029 1371 1090 ea
1356 1033 1686 1152 ,quamo
1706 1025 1795 1087 tu
1832 1004 2063 1084 iactas
2092 1063 2115 1105 ‚
2182 997 2539 1112 potentia

677 1163 1097 1254 superare3
1135 1165 1493 1254 eumque
1534 1131 1725 1220 civis
1752 1130 2095 1250 quilibet
2132 1130 2233 1210 sit
2272 1126 2546 1210 civita-

673 1263 825 1375 tie,
881 1290 963 1352 et
1033 1258 1308 1382 populi
1351 1266 1478 1352 sui
1521 1266 1828 1389 portio,
1895 1291 2055 1346 non
2118 1267 2541 1354 extraneus

673 1423 987 1482 eausam
1027 1399 1371 1512 patriae,
1409 1425 1654 1513 quam
1697 1392 2036 1513 quilibet
2092 1389 2525 1472 defendere

677 1548 1022 1635 tenetur,
1047 1543 1383 1634 ιιιειιῐιιο,Δ
1413 1555 1687 1638 rogans
1714 1523 2007 1641 quibus
2023 1517 2537 1636 vacabitohaee
2616 1579 2623 1590 ·

625 1673 635 1686 '
670 1653 927 1782 legere
955 1721 980 1763 ,
1019 1653 1238 1774 quod
1285 1685 1414 1740 me
1451 1655 1787 1768 benigne
1850 1652 2103 1738 ferant
2142 1682 2287 1768 pro
2328 1652 2531 1737 veri-

670 1807 823 1868 tate
851 1850 875 1892 ,
915 1815 1062 1898 pro
1098 1783 1390 1872 iustitia
1417 1850 1440 1890 ‚
1481 1813 1629 1896 pro
1670 1784 1913 1898 patria
1954 1784 2521 1898 disputantem.

671 1909 781 1997 Et
821 1912 1028 1998 sieut
1069 1912 1394 1998 moleste
1423 1959 1452 2020 ‚·
1488 1911 1655 2020 vel,
1698 1913 1923 2030 quod
1966 1945 2125 1998 nou
2166 1913 2529 2019 arbitror,

671 2041 1053 2154 patienter
1119 2043 1605 2154 impietatem
1668 2042 2092 2126 adversarii
2144 2041 2519 2148 tulerint,

675 2171 786 2254 sie
825 2171 1199 2285 pietatem
1243 2200 1497 2254 meam
1538 2172 1810 2288 aequis
1850 2172 2127 2270 animis
2153 2175 2197 2277 ,'
2246 2193 2328 2253 et
2394 2199 2529 2289 pa-

685 2302 1147 2385 tientissime
1214 2295 1418 2384 ferre
1481 2298 1956 2413 dignentur.
2006 2295 2535 2417 Quoque'di-

653 2430 1115 2514 'cendorum
1159 2429 1553 2515 ordinatio
1594 2454 1849 2543 pateat
1878 2497 1899 2536 ,
1954 2460 2241 2544 ponam
2309 2431 2571 2543 priu's'

675 2560 1088 2642 adversarii
1133 2561 1365 2645 verba
1380 2560 1630 2668 ,sicut
1658 2561 1987 2673 scripsit,
2029 2558 2132 2643 ad
2170 2559 2527 2665 litteram,

672 2690 775 2773 de
817 2689 1173 2772 membro
1215 2690 1292 2770 in
1339 2688 1789 2771 membrum
1820 2756 1841 2795 ,
1908 2712 1987 2775 et
2048 2686 2525 2773 articulatim·

671 2818 771 2901 ad
814 2847 946 2926 ea,
989 2848 1190 2932 quae
1232 2816 1569 2922 dixerit,
1609 2818 2105 2932 respondebo
2129 2832 2177 2931 ξ
2196 2843 2289 2902 ut
2327 2832 2521 2905 eu'm

675 2978 929 3030 unum
971 2946 1250 3030 elisero
1281 3008 1310 3054 ,
1343 2950 1523 3030 mox
1568 2946 1810 3031 alium
1852 2977 2040 3033 eum
2068 2970 2205 3033 ‘sua
2229 2946 2520 3046 eonsu-

681 3077 969 3161 ratione
1033 3067 1534 3162 subneetam.
1590 3076 2217 3193 Incipis‚ergo'‚
2284 3096 2527 3166 verie-
2622 3078 2627 3084 ’

681 3233 875 3289 num
918 3204 1139 3322 quod
1207 3218 1673 3319 conceperas
1734 3220 2155 3320 evomens-³,-
2197 3210 2285 3295 iu
2335 3211 2527 3299 haee

683 3334 969 3440 rerba,
1015 3334 1438 3420 videlicet:
2020 3372 2025 3378 ·

801 3468 1218 3553 Illucebzt
1230 3498 1336 3551 ne
1379 3480 1751 3586 uinquam
1791 3463 2033 3555 ἀίεις
2000 3534 2024 3576 ,
2020 3381 2526 3580 penitemi-

677 3604 802 3681 ’mi
838 3602 1098 3709 civem
1141 3603 1636 3706 vastator-'es
1632 3604 2049 3713 patricie,
2092 3610 2187 3684 e‘t‘
2214 3605 2520 3719 qmetis

640 3799 647 3808 .
678 3730 988 3819 Italiae
1028 3732 1494 3819 turbatores
1526 3778 1559 3838 ,·
1590 3752 1753 3843 quo
1792 3728 2161 3847 dignam
2228 3743 2523 3823 vestris
