2981 4742
698 358 725 413 1
748 329 855 431 40

629 469 1035 554 Caesarem
1069 532 1090 571 ,
1130 490 1203 551 et
1246 468 1673 555 Romanam
1720 468 2158 555 Ecclesiam
2203 467 2460 583 negle-

625 599 825 682 xisse
858 599 896 681 Ρ
934 596 1101 683 Nos
1146 626 1243 681 ne
1286 597 1533 707 regiae
1573 597 1924 710 gravitati
1971 598 2412 708 diceremus
2441 664 2467 705 ‚

625 727 737 811 ol)
773 726 1031 837 ipsum
1065 789 1089 831 ,
1128 748 1205 807 et
1238 725 1407 807 eius
1451 724 1770 810 foedera
1831 724 2260 833 naturalem
2323 723 2466 808 do·
2595 721 2606 731 ’

626 858 931 941 minum
974 877 1327 938 nostrum
1380 852 1788 937 Caesarem
1854 853 2409 965 contempsisse
2437 918 2464 958 ,

632 984 770 1101 qui
810 983 959 1069 sibi
996 982 1097 1067 sit
1136 982 1512 1092 sanguine
1585 982 1982 1095 proximus
2011 1044 2034 1089 ‚
2075 980 2223 1092 liga
2290 982 2467 1064 iun·

626 1137 855 1223 ctus,
910 1114 1377 1227 cunctisque
1448 1112 1935 1222 respectibus
2002 1108 2410 1194 benivolus
2443 1174 2469 1218 ,

620 1262 703 1321 et
742 1242 1093 1327 amicus?
1132 1238 1296 1327 Nos
1336 1271 1431 1323 ne
1474 1239 2136 1324 Christianissimo
2173 1239 2472 1324 Princi-

622 1366 701 1477 pi
733 1433 758 1474 ,
838 1366 1512 1487 devotissimoque
1579 1372 1906 1456 Sanctae
1972 1368 2244 1453 Matris
2308 1368 2471 1453 Ec-

624 1496 897 1581 clesiae
925 1498 1385 1601 diceremus,
1404 1528 1542 1581 nos
1571 1500 2006 1601 Romanam
2033 1494 2471 1580 Ecclesiam

632 1626 1109 1739 neglexisse?
1153 1627 1274 1711 An
1342 1625 1760 1711 adhaerere
1845 1625 2222 1710 maiestati
2285 1654 2472 1708 suae

626 1778 759 1857 est,
778 1756 1035 1871 ambe,
1066 1754 1189 1849 vel
1214 1753 1549 1841 alterum
1583 1754 2219 1869 praedictorum?
2245 1753 2322 1841 N
2327 1784 2506 1838 nn·-

631 1886 831 2001 quid
874 1885 1249 1971 dominus
1289 1910 1476 1971 tuus
1509 1952 1533 1994 ,
1575 1916 1758 1971 cum
1832 1884 2039 1998 lengi
2107 1884 2478 1997 temporis

632 2015 995 2129 instantia
1026 2083 1047 2121 ‚
1114 2018 1468 2131 miraque
1539 2012 1883 2128 largitate
1945 2016 2252 2101 curavit
2313 2014 2476 2126 regi

636 2143 986 2261 praefato
1030 2143 1345 2229 foedere
1386 2144 1703 2228 innctns
1760 2172 1924 2229 esse
1951 2209 1976 2252 ‚
2014 2140 2140 2228 vel
2181 2143 2479 2255 sprevit

633 2276 1045 2367 Caesarem
1076 2342 1099 2384 ‚
1140 2272 1263 2358 vel
1302 2272 1640 2388 neglexit
1680 2272 2080 2361 Ecclesiae
2137 2271 2474 2385 dignita-

634 2407 859 2494 tem?
898 2406 982 2494 si
1025 2436 1179 2489 non
1223 2405 1386 2517 ipse
1416 2471 1438 2511 ,
1478 2433 1624 2490 cur
1665 2401 1771 2488 de
1811 2403 2038 2489 nobis
2079 2403 2474 2509 aestimas,

634 2557 875 2652 atque
916 2531 1201 2646 fingis?
1241 2536 1517 2620 Vnum
1557 2533 1721 2619 scio
1746 2599 1772 2642 ,
1809 2532 2031 2650 qnod
2097 2531 2471 2637 dominns

559 2727 565 2732 -
622 2687 807 2766 tuus
884 2665 1219 2776 neglexit
1266 2731 1291 2771 ‚
1352 2695 1498 2748 nos
1565 2662 2006 2777 specialiter
2067 2663 2477 2767 curavisse,

638 2792 1053 2878 dominnm
1084 2792 1419 2911 quidem
1446 2802 1812 2878 nostrum
1833 2785 2234 2878 summnm
2263 2793 2474 2876 Pon-

638 2917 950 3006 tificem
977 2985 1023 3030 ‚.
1042 2945 1121 3006 et
1159 2923 1591 3008 Romanam
1631 2921 2072 3042 Ecclesiam
2112 2951 2470 3037 expresse

639 3049 971 3137 fecimus
999 3110 1011 3115 „
1039 3051 1288 3162 excipi
1321 3117 1343 3158 ,
1409 3049 1633 3166 quod
1711 3051 2142 3164 benignitas
2221 3052 2424 3164 regia
2453 3113 2482 3159 ‚

640 3179 1049 3275 schismate
1102 3193 1280 3264 nen*
1311 3181 1702 3295 obstante,
1741 3180 2012 3287 iussit,
2074 3179 2274 3263 sicut
2339 3207 2480 3290 pe·-

637 3311 961 3398 tivimus
986 3375 1011 3419 ,
1046 3301 1449 3396 adnotari.
1488 3310 1612 3410 Et,
1647 3330 1738 3392 tu
1766 3375 1788 3415 ,
1855 3306 2475 3394 inconsideratis-

644 3439 835 3525 sima
876 3436 1133 3525 bellna
1160 3505 1185 3546 ,
1226 3469 1367 3523 nos
1432 3434 1788 3526 ment-iris·
1819 3437 2250 3546 Romanam
2314 3437 2475 3522 Ec-

659 3567 971 3677 clesiam
1012 3566 1433 3682 neglexisse
1461 3634 1486 3675 ,
1524 3561 1754 3679 fingis
1791 3585 2134 3648 oratores
2173 3561 2501 3649 nostres„

666 3696 973 3814 dicem
1008 3703 1321 3790 hostem
1363 3705 1453 3790 in
1496 3700 1761 3786 armis
1801 3725 1974 3783 esse
2001 3759 2025 3802 ‚
2053 3691 2478 3808 populari-
