2981 4742
2081 398 2242 480 129

463 515 724 598 nescio
764 513 964 631 quid
1007 513 1521 618 auctoritatis,
1563 536 1643 595 et
1683 512 1960 626 gratiae
1988 508 2293 593 videre·

469 667 623 731 tur.
646 645 759 728 Et
756 647 1157 760 quoniam
1183 644 1364 728 huic
1387 642 1809 756 particulae
1835 642 2035 745 satis,
2050 641 2297 723 immo

465 773 643 886 plus
683 803 976 888 aequo,
1011 803 1283 856 sumus
1326 773 1759 881 immorati,
1796 774 1949 854 iam
1991 767 2171 853 hinc
2197 765 2299 850 ad

466 903 606 985 alia
653 902 1205 1016 procedamus;
1243 901 1304 986 si
1377 925 1637 986 tamen
1719 931 2015 1007 unum,
2079 893 2305 1014 quod

432 1031 713 1140 dicis,
757 1064 852 1116 ne
893 1031 1209 1144 fugere,
1250 1029 1372 1114 vel
1415 1029 1635 1116 fateri
1666 1029 2011 1136 videar,
2050 1023 2298 1111 absol-

471 1190 782 1248 vannus.
825 1160 1102 1274 Arguis
1163 1161 1376 1245 enim
1442 1145 1660 1280 quod
1727 1158 1993 1244 salutis
2052 1151 2311 1240 Italiae

471 1289 769 1372 iamdiu
813 1319 956 1370 nos
1005 1288 1458 1400 cognoveris
1538 1288 1894 1374 inimicos
1938 1352 1959 1374 .
2036 1281 2121 1372 Ο
2197 1282 2313 1367 vi-

477 1445 656 1531 rum
749 1416 1210 1530 perspicacis
1299 1413 1751 1504 intellectus
1791 1484 1816 1525 ‚
1890 1439 1969 1502 et
2060 1411 2311 1509 admi·

478 1540 742 1626 rabilis
820 1541 1288 1654 cognitionis
1323 1608 1346 1649 ,
1419 1543 1481 1627 si
1514 1577 1519 1582 ·
1551 1565 1814 1629 tamen
1906 1537 2313 1658 probabile

482 1669 580 1755 sit
645 1698 830 1753 eum
871 1737 894 1779 ,
946 1671 1085 1785 qui
1155 1670 1440 1755 nesciat
1506 1702 1595 1756 ea
1663 1702 1866 1790 quae
1933 1668 2315 1796 sunt,·sic

476 1798 862 1914 explorata
918 1801 1216 1886 ratione
1272 1825 1539 1886 tenere
1616 1811 1822 1920 quae
1878 1832 2033 1887 non
2080 1801 2261 1887 -sint
2292 1866 2317 1908 ,

339 1964 345 1970 ·
481 1927 705 2046 quod
787 1959 1023 2044 super
1099 1927 1286 2014 alios
1366 1951 1828 2045 cognoscere
1911 1930 2313 2018 videatur.

483 2055 726 2144 Vnde
761 2060 1210 2172 cognoscis,
1245 2058 1608 2170 obsecro,
1650 2093 1793 2147 nos
1834 2060 2099 2148 salutis
2162 2060 2308 2146 Ita-

479 2167 672 2292 liae,
708 2185 912 2270 sicut
951 2188 1264 2295 asseris,
1307 2188 1727 2275 inimicos?
1767 2189 1889 2276 An
1934 2189 2313 2307 quoniam

401 2327 408 2336 ’
479 2311 880 2429 tyrannidi
921 2314 1226 2400 domini
1295 2317 1412 2401 tui
1480 2339 1723 2405 totam
1796 2316 2089 2403 ltaliam
2157 2347 2315 2399 am·
2378 2402 2381 2407 .

483 2442 731 2529 bienti
776 2442 1194 2527 restitimus
1224 2509 1248 2552 ,
1287 2446 1665 2561 quoniam
1698 2447 2047 2559 cupienti
2080 2445 2313 2529 liber·
2401 2552 2405 2563 ἱ

461 2592 724 2676 1ιιῖειίιι
762 2572 1208 2682 extinguere
1271 2602 1412 2657 nos
1475 2575 2009 2684 constantius,
2073 2598 2315 2690 atque

486 2700 882 2816 potentius
911 2766 934 2808 ,
974 2729 1214 2818 quam
1255 2702 1654 2815 cogitaret,
1690 2703 2168 2811 obiecimus,
2204 2735 2318 2788 sa-

472 2826 666 2915 lutis
705 2826 966 2923 ltaliae
1031 2860 1175 2914 nos
1239 2831 1688 2943 cognoscis,
1748 2861 1931 2917 cum
1999 2833 2147 2952 alii.
2195 2833 2317 2917 di·

480 2981 660 3047 cant
698 2956 1015 3045 athletas
1042 3026 1066 3069 ,
1105 2981 1186 3043 et
1226 2958 1531 3074 pugiles
1558 3028 1582 3067 ,
1621 2960 1723 3047 ab
1760 2960 2129 3047 omnibus
2158 2962 2319 3048 dis-

477 3090 874 3196 sentiens,
949 3089 1374 3175 inimicos?
1451 3088 1681 3175 Hanc
1756 3112 2018 3177 autem
2099 3092 2317 3203 iguo-

476 3216 804 3301 tantiam
849 3217 993 3304 tibi
1031 3218 1230 3327 soli,
1268 3217 1511 3307 credo
1551 3216 1881 3336 quidem
1925 3242 2001 3305 te
2054 3219 2313 3305 nullos

482 3346 568 3431 in
607 3342 758 3431 hoc
797 3344 1081 3435 habere
1119 3348 1368 3433 socios
1399 3349 2040 3469 ,relinquamuffi
2080 3374 2169 3435 ut
2199 3354 2310 3433 vi·

339 3527 346 3533 -
481 3472 674 3558 dere
715 3477 1100 3589 possimus
1139 3460 1539 3597 qualiter
1514 3508 1596 3563 m
1636 3478 2154 3599 sequentibus
2174 3478 2311 3563 de·
2348 3528 2353 3533 ·

484 3600 931 3693 baccheris.

601 3732 779 3820 Sed
803 3766 960 3849 per
998 3741 1280 3830 Deum
1325 3740 1889 3828 immortalem
1914 3807 1934 3848 ,
1996 3739 2257 3855 inquis
2284 3799 2313 3847 ,

1842 3902 1899 3985 9
