2981 4742
2094 331 2195 392 21

411 454 746 541 ‘ulterius
827 451 1240 542 audiamus
1291 447 1729 556 ‚vecordem
1764 515 1791 560 ,
1852 443 2271 536 vehemen-

419 611 746 705 temque
787 597 1092 672 novnm
1129 585 1345 670 hune
1384 605 1643 668 vatem
1670 644 1695 669 .

536 717 1040 805 Videbimus
1077 781 1106 824 ,
1195 747 1383 804 ecce
1479 711 1937 802 videbimus
2027 709 2269 798 illam

415 865 772 934 vestram
814 852 904 932 in
944 841 1493 942 defendenda
1536 836 1908 962 quadam
1934 835 2271 956 foedis-

427 983 644 1063 sima
687 981 1131 1085 libertate,
1171 977 1306 1062 vel
1351 981 1628 1092 potius
1684 971 2271 1060 crudelissima

415 1107 880 1228 tyrannide
896 1102 2274 1220 constantiamffortitudz‘nemque
2362 1183 2367 1192 .

345 1313 352 1317 .
414 1267 902 1344 romanam,·
953 1239 1102 1324 hoc
1159 1243 1382 1324 enim
1435 1241 1777 1322 nomine
1843 1235 2268 1350 superbire

417 1369 703 1454 soletis
727 1433 752 1472 ‚
791 1388 879 1453 et
919 1401 1054 1454 vos
1093 1401 1358 1486 genus
1400 1365 1908 1478 praedicare
1946 1367 2259 1451 Roma-

412 1528 624 1582 num
650 1563 671 1583 .
711 1501 969 1616 Quod
1003 1529 1256 1617 quam
1300 1496 2251 1614 impudenter-faciatis,

407 1627 582 1712 alio
623 1626 1088 1718 dicendum
1127 1639 1292 1718 erit
1331 1631 1513 1718 loco
1540 1693 1565 1718 .

525 1757 1006 1845 Videbimus
1037 1825 1064 1867 ‚
1105 1762 1371 1878 inquis
1395 1824 1425 1870 ‚
1467 1761 1715 1845 immo
1752 1753 2059 1846 videras
2084 1819 2109 1862 ‚
2148 1753 2266 1838 vi-

404 1881 547 1968 des
574 1953 598 1994 ,
662 1913 896 2007 atque
961 1889 1271 1978 videbis
1334 1891 1763 2010 plusquam
1824 1889 2259 1975 Romanam

405 2013 948 2118 fortitudinem
978 2084 1003 2128 ,
1086 2043 1326 2140 atque
1390 2019 1906 2108 constantiam
1966 2011 2261 2130 Populi

407 2142 843 2232 florentini
861 2149 945 2232 in
964 2147 1464 2237 defendenda
1481 2150 1931 2237 dulcissima
1944 2147 2260 2234 liberta-

405 2277 744 2397 te,qu0d
769 2281 1119 2386 coeleste
1149 2285 1484 2389 bonum,
1502 2304 1593 2366 nt
1624 2279 1757 2366 ille
1785 2279 2008 2388 dixit,
2014 2307 2261 2395 prae-

409 2418 616 2495 ter-it
679 2416 891 2498 orbis
931 2442 1174 2523 opes;
1237 2442 1482 2530 quam
1534 2440 1767 2497 mens
1822 2433 1944 2496 est
2006 2409 2260 2493 omni-

403 2536 556 2620 bus
593 2538 660 2622 F
667 2536 1106 2648 lorentiniS,
1131 2564 1223 2625 ut
1263 2542 1504 2625 vitam
1531 2607 1562 2648 5
1595 2542 1845 2625 immo
1880 2566 2119 2653 snpra
2147 2538 2262 2623 vi-

397 2688 559 2750 tam
586 2734 608 2774 ‚
653 2664 966 2782 opibus,
1004 2669 1383 2787 ferroque
1422 2665 1900 2777 defendere,
1936 2666 2255 2753 nostris·

396 2826 558 2915 qne
599 2802 932 2915 posteris
970 2800 1172 2888 bane
1212 2796 1783 2887 haereditatem
1816 2796 2207 2915 optimam
2232 2867 2255 2907 ,

395 2956 637 3041 quam
679 2961 718 3012 a
762 2930 1190 3017 maioribus
1227 2930 1510 3017 nostris
1576 2926 2081 3045 accepimus,
2128 2960 2251 3016 re-

288 3056 296 3063 ’
391 3052 751 3173 linquere
778 3126 800 3164 ,
851 3062 1030 3147 Deo
1069 3059 1380 3173 favente
1411 3130 1435 3170 ‚
1504 3058 1839 3149 solidam
1867 3125 1892 3170 ‚
1954 3080 2037 3147 et
2101 3060 2249 3147 im·
2282 3170 2299 3181 .

400 3186 860 3275 maculatam
890 3226 914 3303 3
954 3187 1156 3277 adeo
1194 3191 1447 3307 placet
1483 3190 1711 3277 nobis
1747 3186 1965 3300 haec,
1994 3218 2243 3307 qnam

394 3313 926 3405 foedissimam
1003 3351 1231 3409 vocas
1272 3391 1296 3431 ‚
1373 3322 1737 3408 omnium
1814 3318 2241 3409 hominnm

388 3446 860 3575 stultissime,
897 3450 1371 3564 libertatem,
1409 3481 1654 3571 quam
1694 3450 2087 3567 inexperti
2114 3482 2239 3537 so-

319 3606 342 3621 ·
387 3571 582 3684 lum,
601 3582 853 3696 qualis
867 3612 978 3692 es,
993 3612 1141 3669 nec
1153 3580 1486 3670 alicuius
1508 3583 1889 3668 momenti
1909 3580 2237 3695 faciunt,

257 3776 261 3779 .
385 3736 534 3793 nec
553 3724 1306 3832 cognoscungquam
1323 3711 1583 3800 solum
1600 3708 2240 3801 Lombandorum
