<?xml version="1.0" encoding="UTF-8"?>
<!DOCTYPE html PUBLIC "-//W3C//DTD XHTML 1.0 Transitional//EN"
    "http://www.w3.org/TR/xhtml1/DTD/xhtml1-transitional.dtd">
<html xmlns="http://www.w3.org/1999/xhtml" xml:lang="en" lang="en">
 <head>
  <title>
</title>
<meta http-equiv="Content-Type" content="text/html;charset=utf-8" />
  <meta name='ocr-system' content='tesseract 3.04.00' />
  <meta name='ocr-capabilities' content='ocr_page ocr_carea ocr_par ocr_line ocrx_word'/>
</head>
<body>
  <div class='ocr_page' id='page_1' title='image "./invectivalinico00salugoog/invectivalinico00salugoog_0153.png"; bbox 0 0 2981 4742; ppageno 0'>
   <div class='ocr_carea' id='block_1_1' title="bbox 472 479 2443 3854">
    <p class='ocr_par' dir='ltr' id='par_1_1' title="bbox 472 479 2443 3854">
     <span class='ocr_line' id='line_1_1' title="bbox 472 479 2374 598; baseline 0.001 -32"><span class='ocrx_word' id='word_1_1' title='bbox 472 511 477 515; x_wconf 92' lang='grc'><strong><em>·</em></strong></span> <span class='ocrx_word' id='word_1_2' title='bbox 540 512 728 568; x_wconf 87' lang='lat' dir='ltr'>suae</span> <span class='ocrx_word' id='word_1_3' title='bbox 769 486 1072 572; x_wconf 88' lang='lat' dir='ltr'>ruinam</span> <span class='ocrx_word' id='word_1_4' title='bbox 1117 481 1456 598; x_wconf 83' lang='lat' dir='ltr'>videant,</span> <span class='ocrx_word' id='word_1_5' title='bbox 1481 506 1559 569; x_wconf 90' lang='lat' dir='ltr'>et</span> <span class='ocrx_word' id='word_1_6' title='bbox 1591 510 1971 596; x_wconf 83' lang='lat' dir='ltr'>praesens,</span> <span class='ocrx_word' id='word_1_7' title='bbox 1997 513 2085 569; x_wconf 89' lang='lat' dir='ltr'>ac</span> <span class='ocrx_word' id='word_1_8' title='bbox 2116 479 2374 568; x_wconf 78' lang='lat' dir='ltr'>fidum</span> 
     </span>
     <span class='ocr_line' id='line_1_2' title="bbox 538 609 2402 727; baseline -0.001 -34"><span class='ocrx_word' id='word_1_9' title='bbox 538 609 620 693; x_wconf 89' lang='lat' dir='ltr'>in</span> <span class='ocrx_word' id='word_1_10' title='bbox 662 611 909 697; x_wconf 89' lang='lat' dir='ltr'>salute</span> <span class='ocrx_word' id='word_1_11' title='bbox 949 614 1454 727; x_wconf 85' lang='lat' dir='ltr'>praesidium,</span> <span class='ocrx_word' id='word_1_12' title='bbox 1485 643 1629 696; x_wconf 82' lang='lat' dir='ltr'>nos</span> <span class='ocrx_word' id='word_1_13' title='bbox 1657 643 1752 696; x_wconf 78' lang='lat' dir='ltr'>ex</span> <span class='ocrx_word' id='word_1_14' title='bbox 1778 611 1968 698; x_wconf 89' lang='lat' dir='ltr'>orbe</span> <span class='ocrx_word' id='word_1_15' title='bbox 1997 633 2402 696; x_wconf 76' lang='lat' dir='ltr'>terrarum.</span> 
     </span>
     <span class='ocr_line' id='line_1_3' title="bbox 544 741 2391 857; baseline 0.001 -31"><span class='ocrx_word' id='word_1_16' title='bbox 544 743 940 827; x_wconf 79' lang='lat' dir='ltr'>exturbari</span> <span class='ocrx_word' id='word_1_17' title='bbox 984 743 1233 830; x_wconf 86' lang='lat' dir='ltr'>velint</span> <span class='ocrx_word' id='word_1_18' title='bbox 1265 747 1306 850; x_wconf 72' lang='lat'>‚&#39;</span> <span class='ocrx_word' id='word_1_19' title='bbox 1331 769 1465 828; x_wconf 89' lang='lat' dir='ltr'>aut</span> <span class='ocrx_word' id='word_1_20' title='bbox 1506 743 1862 828; x_wconf 84' lang='lat' dir='ltr'>funditus</span> <span class='ocrx_word' id='word_1_21' title='bbox 1902 741 2215 857; x_wconf 71' lang='lat' dir='ltr'>cupiant</span> <span class='ocrx_word' id='word_1_22' title='bbox 2249 775 2391 828; x_wconf 89' lang='lat' dir='ltr'>nos</span> 
     </span>
     <span class='ocr_line' id='line_1_4' title="bbox 559 871 2381 986; baseline 0.002 -31"><span class='ocrx_word' id='word_1_23' title='bbox 559 871 870 959; x_wconf 77' lang='lat' dir='ltr'>deleri?</span> <span class='ocrx_word' id='word_1_24' title='bbox 909 878 990 964; x_wconf 84' lang='lat' dir='ltr'>Si</span> <span class='ocrx_word' id='word_1_25' title='bbox 1033 907 1189 960; x_wconf 89' lang='lat' dir='ltr'>non</span> <span class='ocrx_word' id='word_1_26' title='bbox 1233 875 1596 960; x_wconf 83' lang='lat' dir='ltr'>valuisset</span> <span class='ocrx_word' id='word_1_27' title='bbox 1636 873 2027 986; x_wconf 72' lang='lat' dir='ltr'><strong>integritas</strong></span> <span class='ocrx_word' id='word_1_28' title='bbox 2054 941 2078 982; x_wconf 89' lang='lat'>,</span> <span class='ocrx_word' id='word_1_29' title='bbox 2116 877 2381 962; x_wconf 53' lang='lat' dir='ltr'>sitnon</span> 
     </span>
     <span class='ocr_line' id='line_1_5' title="bbox 551 1000 2389 1124; baseline 0.002 -37"><span class='ocrx_word' id='word_1_30' title='bbox 551 1000 956 1124; x_wconf 77' lang='lat' dir='ltr'>valuisset·</span> <span class='ocrx_word' id='word_1_31' title='bbox 999 1005 1270 1113; x_wconf 70' lang='lat' dir='ltr'>atuor,</span> <span class='ocrx_word' id='word_1_32' title='bbox 1333 1006 1396 1090; x_wconf 88' lang='lat' dir='ltr'>si</span> <span class='ocrx_word' id='word_1_33' title='bbox 1467 1036 1627 1089; x_wconf 87' lang='lat' dir='ltr'>non</span> <span class='ocrx_word' id='word_1_34' title='bbox 1693 1003 2059 1090; x_wconf 80' lang='lat' dir='ltr'>valuisset</span> <span class='ocrx_word' id='word_1_35' title='bbox 2126 1009 2389 1092; x_wconf 88' lang='lat' dir='ltr'>nescio</span> 
     </span>
     <span class='ocr_line' id='line_1_6' title="bbox 553 1135 2385 1254; baseline 0.004 -38"><span class='ocrx_word' id='word_1_36' title='bbox 553 1163 802 1250; x_wconf 85' lang='lat' dir='ltr'>quae,</span> <span class='ocrx_word' id='word_1_37' title='bbox 865 1158 978 1220; x_wconf 92' lang='lat' dir='ltr'>ut·</span> <span class='ocrx_word' id='word_1_38' title='bbox 1021 1136 1348 1254; x_wconf 79' lang='lat' dir='ltr'>inquis,</span> <span class='ocrx_word' id='word_1_39' title='bbox 1391 1139 1701 1251; x_wconf 82' lang='lat' dir='ltr'>opinio,</span> <span class='ocrx_word' id='word_1_40' title='bbox 1770 1167 2031 1220; x_wconf 87' lang='lat' dir='ltr'>nonne</span> <span class='ocrx_word' id='word_1_41' title='bbox 2097 1135 2385 1224; x_wconf 85' lang='lat' dir='ltr'>valeret</span> 
     </span>
     <span class='ocr_line' id='line_1_7' title="bbox 513 1265 2395 1384; baseline 0.003 -36"><span class='ocrx_word' id='word_1_42' title='bbox 513 1377 518 1382; x_wconf 16' lang='grc' dir='ltr'>ι</span> <span class='ocrx_word' id='word_1_43' title='bbox 557 1265 688 1350; x_wconf 86' lang='lat' dir='ltr'>illa</span> <span class='ocrx_word' id='word_1_44' title='bbox 769 1267 1179 1354; x_wconf 82' lang='lat' dir='ltr'>necessitas</span> <span class='ocrx_word' id='word_1_45' title='bbox 1205 1334 1229 1375; x_wconf 89' lang='lat'>,</span> <span class='ocrx_word' id='word_1_46' title='bbox 1308 1270 1931 1384; x_wconf 87' lang='lat' dir='ltr'>communioque</span> <span class='ocrx_word' id='word_1_47' title='bbox 2010 1268 2335 1381; x_wconf 84' lang='lat' dir='ltr'>periculi</span> <span class='ocrx_word' id='word_1_48' title='bbox 2368 1337 2395 1378; x_wconf 87' lang='lat'>,</span> 
     </span>
     <span class='ocr_line' id='line_1_8' title="bbox 562 1393 2390 1516; baseline 0.003 -39"><span class='ocrx_word' id='word_1_49' title='bbox 562 1393 787 1512; x_wconf 87' lang='lat' dir='ltr'>quod</span> <span class='ocrx_word' id='word_1_50' title='bbox 824 1395 981 1505; x_wconf 81' lang='lat' dir='ltr'>illi,</span> <span class='ocrx_word' id='word_1_51' title='bbox 1020 1427 1227 1516; x_wconf 28' lang='lat' dir='ltr'>quos.</span> <span class='ocrx_word' id='word_1_52' title='bbox 1287 1400 1885 1505; x_wconf 87' lang='lat' dir='ltr'>socios-vocas,</span> <span class='ocrx_word' id='word_1_53' title='bbox 1950 1421 2089 1482; x_wconf 89' lang='lat' dir='ltr'>aut</span> <span class='ocrx_word' id='word_1_54' title='bbox 2153 1403 2390 1482; x_wconf 83' lang='lat' dir='ltr'>etiam</span> 
     </span>
     <span class='ocr_line' id='line_1_9' title="bbox 525 1523 2401 1640; baseline 0.002 -32"><span class='ocrx_word' id='word_1_55' title='bbox 525 1523 735 1631; x_wconf 74' lang='lat' dir='ltr'>atii,</span> <span class='ocrx_word' id='word_1_56' title='bbox 789 1526 939 1608; x_wconf 87' lang='lat' dir='ltr'>nisi</span> <span class='ocrx_word' id='word_1_57' title='bbox 1004 1523 1448 1640; x_wconf 74' lang='lat' dir='ltr'>desipiant,</span> <span class='ocrx_word' id='word_1_58' title='bbox 1502 1527 1707 1628; x_wconf 87' lang='lat' dir='ltr'>sicut</span> <span class='ocrx_word' id='word_1_59' title='bbox 1772 1551 1915 1636; x_wconf 87' lang='lat' dir='ltr'>tu,</span> <span class='ocrx_word' id='word_1_60' title='bbox 1980 1525 2401 1611; x_wconf 83' lang='lat' dir='ltr'>clarissime</span> 
     </span>
     <span class='ocr_line' id='line_1_10' title="bbox 564 1651 2398 1774; baseline 0.001 -36"><span class='ocrx_word' id='word_1_61' title='bbox 564 1651 888 1739; x_wconf 83' lang='lat' dir='ltr'>videant</span> <span class='ocrx_word' id='word_1_62' title='bbox 928 1653 990 1738; x_wconf 86' lang='lat' dir='ltr'>si</span> <span class='ocrx_word' id='word_1_63' title='bbox 1030 1681 1469 1742; x_wconf 84' lang='lat' dir='ltr'><strong>sternamur</strong></span> <span class='ocrx_word' id='word_1_64' title='bbox 1524 1688 1604 1742; x_wconf 87' lang='lat' dir='ltr'>se</span> <span class='ocrx_word' id='word_1_65' title='bbox 1668 1684 1852 1746; x_wconf 82' lang='lat' dir='ltr'>mox</span> <span class='ocrx_word' id='word_1_66' title='bbox 1916 1657 2215 1774; x_wconf 77' lang='lat' dir='ltr'>absque</span> <span class='ocrx_word' id='word_1_67' title='bbox 2282 1687 2398 1740; x_wconf 83' lang='lat' dir='ltr'>re-</span> 
     </span>
     <span class='ocr_line' id='line_1_11' title="bbox 565 1781 2405 1898; baseline 0.002 -31"><span class='ocrx_word' id='word_1_68' title='bbox 565 1782 836 1868; x_wconf 89' lang='lat' dir='ltr'>medio</span> <span class='ocrx_word' id='word_1_69' title='bbox 857 1781 1309 1898; x_wconf 77' lang='lat' dir='ltr'>perituros?</span> <span class='ocrx_word' id='word_1_70' title='bbox 1349 1787 1681 1888; x_wconf 84' lang='lat' dir='ltr'>lsta,ista</span> <span class='ocrx_word' id='word_1_71' title='bbox 1708 1787 2119 1871; x_wconf 83' lang='lat' dir='ltr'>necessitas</span> <span class='ocrx_word' id='word_1_72' title='bbox 2160 1786 2405 1870; x_wconf 89' lang='lat' dir='ltr'>efficit</span> 
     </span>
     <span class='ocr_line' id='line_1_12' title="bbox 554 1912 2404 2030; baseline 0.002 -34"><span class='ocrx_word' id='word_1_73' title='bbox 554 1912 795 2030; x_wconf 67' lang='lat' dir='ltr'>‘quod</span> <span class='ocrx_word' id='word_1_74' title='bbox 836 1940 917 2001; x_wconf 91' lang='lat' dir='ltr'>et</span> <span class='ocrx_word' id='word_1_75' title='bbox 955 1940 1071 2026; x_wconf 91' lang='lat' dir='ltr'>tu,</span> <span class='ocrx_word' id='word_1_76' title='bbox 1110 1915 1290 2003; x_wconf 84' lang='lat' dir='ltr'>licet</span> <span class='ocrx_word' id='word_1_77' title='bbox 1320 1920 1583 2003; x_wconf 87' lang='lat' dir='ltr'>minus</span> <span class='ocrx_word' id='word_1_78' title='bbox 1608 1918 1973 2024; x_wconf 78' lang='lat' dir='ltr'>oratorie,</span> <span class='ocrx_word' id='word_1_79' title='bbox 2000 1947 2181 2002; x_wconf 87' lang='lat' dir='ltr'>cum</span> <span class='ocrx_word' id='word_1_80' title='bbox 2224 1947 2404 2000; x_wconf 90' lang='lat' dir='ltr'>cau·</span> 
     </span>
     <span class='ocr_line' id='line_1_13' title="bbox 577 2031 2405 2158; baseline 0.003 -34"><span class='ocrx_word' id='word_1_81' title='bbox 577 2031 742 2140; x_wconf 82' lang='lat' dir='ltr'>sam</span> <span class='ocrx_word' id='word_1_82' title='bbox 811 2043 1159 2131; x_wconf 79' lang='lat' dir='ltr'>destruat</span> <span class='ocrx_word' id='word_1_83' title='bbox 1237 2043 1456 2132; x_wconf 78' lang='lat' dir='ltr'>tua&#39;m</span> <span class='ocrx_word' id='word_1_84' title='bbox 1486 2112 1511 2154; x_wconf 84' lang='lat'>‚</span> <span class='ocrx_word' id='word_1_85' title='bbox 1576 2047 1816 2131; x_wconf 89' lang='lat' dir='ltr'>credo</span> <span class='ocrx_word' id='word_1_86' title='bbox 1878 2069 2205 2158; x_wconf 86' lang='lat' dir='ltr'>cogente</span> <span class='ocrx_word' id='word_1_87' title='bbox 2284 2077 2405 2130; x_wconf 88' lang='lat' dir='ltr'>re·</span> 
     </span>
     <span class='ocr_line' id='line_1_14' title="bbox 569 2175 2414 2286; baseline 0.005 -35"><span class='ocrx_word' id='word_1_88' title='bbox 569 2197 747 2276; x_wconf 72' lang='lat' dir='ltr'>rum</span> <span class='ocrx_word' id='word_1_89' title='bbox 789 2176 1356 2286; x_wconf 73' lang='lat' dir='ltr'>potentissima</span> <span class='ocrx_word' id='word_1_90' title='bbox 1400 2176 1778 2283; x_wconf 85' lang='lat' dir='ltr'>veritate,</span> <span class='ocrx_word' id='word_1_91' title='bbox 1864 2175 2129 2260; x_wconf 84' lang='lat' dir='ltr'>fateris</span> <span class='ocrx_word' id='word_1_92' title='bbox 2170 2240 2194 2284; x_wconf 89' lang='lat'>,</span> <span class='ocrx_word' id='word_1_93' title='bbox 2258 2176 2414 2260; x_wconf 65' lang='lat' dir='ltr'>‘ista</span> 
     </span>
     <span class='ocr_line' id='line_1_15' title="bbox 562 2303 2421 2425; baseline 0.001 -41"><span class='ocrx_word' id='word_1_94' title='bbox 562 2303 972 2392; x_wconf 82' lang='lat' dir='ltr'>necessitas</span> <span class='ocrx_word' id='word_1_95' title='bbox 999 2375 1023 2416; x_wconf 90' lang='lat'>,</span> <span class='ocrx_word' id='word_1_96' title='bbox 1059 2306 1429 2425; x_wconf 87' lang='lat' dir='ltr'>inquam,</span> <span class='ocrx_word' id='word_1_97' title='bbox 1470 2306 1713 2393; x_wconf 89' lang='lat' dir='ltr'>efficit</span> <span class='ocrx_word' id='word_1_98' title='bbox 1754 2328 1844 2390; x_wconf 92' lang='lat' dir='ltr'>ut</span> <span class='ocrx_word' id='word_1_99' title='bbox 1889 2335 2094 2424; x_wconf 89' lang='lat' dir='ltr'>quae</span> <span class='ocrx_word' id='word_1_100' title='bbox 2149 2329 2421 2389; x_wconf 71' lang='lat' dir='ltr'>contra</span> 
     </span>
     <span class='ocr_line' id='line_1_16' title="bbox 565 2432 2423 2522; baseline 0.003 -8"><span class='ocrx_word' id='word_1_101' title='bbox 565 2460 707 2517; x_wconf 89' lang='lat' dir='ltr'>nos</span> <span class='ocrx_word' id='word_1_102' title='bbox 744 2432 849 2518; x_wconf 92' lang='lat' dir='ltr'>de</span> <span class='ocrx_word' id='word_1_103' title='bbox 889 2437 1288 2521; x_wconf 85' lang='lat' dir='ltr'>sociorum</span> <span class='ocrx_word' id='word_1_104' title='bbox 1354 2436 1883 2522; x_wconf 83' lang='lat' dir='ltr'>malivolentia</span> <span class='ocrx_word' id='word_1_105' title='bbox 1947 2460 2109 2521; x_wconf 88' lang='lat' dir='ltr'>tam</span> <span class='ocrx_word' id='word_1_106' title='bbox 2175 2435 2423 2521; x_wconf 85' lang='lat' dir='ltr'>multa</span> 
     </span>
     <span class='ocr_line' id='line_1_17' title="bbox 566 2550 2425 2675; baseline 0.002 -31"><span class='ocrx_word' id='word_1_107' title='bbox 566 2588 1138 2675; x_wconf 80' lang='lat' dir='ltr'>connumeras,</span> <span class='ocrx_word' id='word_1_108' title='bbox 1203 2562 1400 2651; x_wconf 86' lang='lat' dir='ltr'>nihil</span> <span class='ocrx_word' id='word_1_109' title='bbox 1465 2550 1674 2674; x_wconf 85' lang='lat' dir='ltr'>sint,</span> <span class='ocrx_word' id='word_1_110' title='bbox 1738 2566 1885 2651; x_wconf 88' lang='lat' dir='ltr'>nisi</span> <span class='ocrx_word' id='word_1_111' title='bbox 1952 2594 2198 2672; x_wconf 87' lang='lat' dir='ltr'>vana,</span> <span class='ocrx_word' id='word_1_112' title='bbox 2278 2565 2425 2649; x_wconf 85' lang='lat' dir='ltr'>nisi</span> 
     </span>
     <span class='ocr_line' id='line_1_18' title="bbox 569 2694 2427 2808; baseline -0.001 -30"><span class='ocrx_word' id='word_1_113' title='bbox 569 2696 1146 2805; x_wconf 83' lang='lat' dir='ltr'>commentitia,</span> <span class='ocrx_word' id='word_1_114' title='bbox 1184 2697 1329 2780; x_wconf 86' lang='lat' dir='ltr'>nisi</span> <span class='ocrx_word' id='word_1_115' title='bbox 1369 2695 1741 2808; x_wconf 86' lang='lat' dir='ltr'>strepitus</span> <span class='ocrx_word' id='word_1_116' title='bbox 1780 2694 2211 2781; x_wconf 84' lang='lat' dir='ltr'>verborum</span> <span class='ocrx_word' id='word_1_117' title='bbox 2268 2695 2427 2798; x_wconf 82' lang='lat' dir='ltr'>ina-</span> 
     </span>
     <span class='ocr_line' id='line_1_19' title="bbox 559 2821 2430 2932; baseline 0 -24"><span class='ocrx_word' id='word_1_118' title='bbox 559 2852 711 2908; x_wconf 88' lang='lat' dir='ltr'>-nes</span> <span class='ocrx_word' id='word_1_119' title='bbox 741 2889 765 2932; x_wconf 92' lang='lat'>‚</span> <span class='ocrx_word' id='word_1_120' title='bbox 805 2848 898 2910; x_wconf 92' lang='lat' dir='ltr'>ut</span> <span class='ocrx_word' id='word_1_121' title='bbox 937 2838 1119 2913; x_wconf 79' lang='lat' dir='ltr'><strong>m&#39;ox</strong></span> <span class='ocrx_word' id='word_1_122' title='bbox 1159 2855 1348 2911; x_wconf 88' lang='lat' dir='ltr'>cum</span> <span class='ocrx_word' id='word_1_123' title='bbox 1387 2824 1490 2909; x_wconf 88' lang='lat' dir='ltr'>ad</span> <span class='ocrx_word' id='word_1_124' title='bbox 1524 2824 1771 2911; x_wconf 89' lang='lat' dir='ltr'>&#39;huius</span> <span class='ocrx_word' id='word_1_125' title='bbox 1836 2824 2182 2910; x_wconf 84' lang='lat' dir='ltr'>veritatis</span> <span class='ocrx_word' id='word_1_126' title='bbox 2248 2821 2430 2908; x_wconf 83' lang='lat' dir='ltr'>sun-</span> 
     </span>
     <span class='ocr_line' id='line_1_20' title="bbox 571 2944 2430 3070; baseline 0.003 -37"><span class='ocrx_word' id='word_1_127' title='bbox 571 2950 939 3041; x_wconf 86' lang='lat' dir='ltr'>damenta</span> <span class='ocrx_word' id='word_1_128' title='bbox 980 2955 1530 3070; x_wconf 86' lang='lat' dir='ltr'>pervenerint,</span> <span class='ocrx_word' id='word_1_129' title='bbox 1567 2952 2032 3063; x_wconf 85' lang='lat' dir='ltr'>diruantur,</span> <span class='ocrx_word' id='word_1_130' title='bbox 2068 2976 2151 3065; x_wconf 88' lang='lat' dir='ltr'>et</span> <span class='ocrx_word' id='word_1_131' title='bbox 2202 2944 2430 3039; x_wconf 83' lang='lat' dir='ltr'>velut</span> 
     </span>
     <span class='ocr_line' id='line_1_21' title="bbox 571 3078 2435 3199; baseline 0.001 -31"><span class='ocrx_word' id='word_1_132' title='bbox 571 3078 846 3169; x_wconf 81' lang='lat' dir='ltr'>fumus</span> <span class='ocrx_word' id='word_1_133' title='bbox 872 3150 896 3194; x_wconf 88' lang='lat'>‚</span> <span class='ocrx_word' id='word_1_134' title='bbox 933 3108 1069 3170; x_wconf 92' lang='lat' dir='ltr'>aut</span> <span class='ocrx_word' id='word_1_135' title='bbox 1109 3083 1370 3199; x_wconf 83' lang='lat' dir='ltr'>pulvis</span> <span class='ocrx_word' id='word_1_136' title='bbox 1407 3107 1584 3169; x_wconf 89' lang='lat' dir='ltr'>ante</span> <span class='ocrx_word' id='word_1_137' title='bbox 1651 3085 1871 3171; x_wconf 82' lang='lat' dir='ltr'>venti</span> <span class='ocrx_word' id='word_1_138' title='bbox 1931 3082 2271 3193; x_wconf 83' lang='lat' dir='ltr'>furentis·</span> <span class='ocrx_word' id='word_1_139' title='bbox 2320 3082 2435 3169; x_wconf 87' lang='lat' dir='ltr'>fa-</span> 
     </span>
     <span class='ocr_line' id='line_1_22' title="bbox 575 3210 2435 3330; baseline 0 -33"><span class='ocrx_word' id='word_1_140' title='bbox 575 3211 778 3297; x_wconf 89' lang='lat' dir='ltr'>ciem</span> <span class='ocrx_word' id='word_1_141' title='bbox 831 3235 1327 3301; x_wconf 87' lang='lat' dir='ltr'>evanescant.</span> <span class='ocrx_word' id='word_1_142' title='bbox 1393 3210 1839 3330; x_wconf 75' lang='lat' dir='ltr'>Nunquam</span> <span class='ocrx_word' id='word_1_143' title='bbox 1910 3212 2107 3299; x_wconf 88' lang='lat' dir='ltr'>mibi</span> <span class='ocrx_word' id='word_1_144' title='bbox 2173 3212 2435 3298; x_wconf 84' lang='lat' dir='ltr'>visum</span> 
     </span>
     <span class='ocr_line' id='line_1_23' title="bbox 576 3343 2437 3465; baseline -0.003 -38"><span class='ocrx_word' id='word_1_145' title='bbox 576 3365 691 3427; x_wconf 91' lang='lat' dir='ltr'>est</span> <span class='ocrx_word' id='word_1_146' title='bbox 752 3344 1080 3429; x_wconf 86' lang='lat' dir='ltr'>oratoris</span> <span class='ocrx_word' id='word_1_147' title='bbox 1148 3373 1358 3456; x_wconf 89' lang='lat' dir='ltr'>esse,</span> <span class='ocrx_word' id='word_1_148' title='bbox 1426 3376 1670 3465; x_wconf 88' lang='lat' dir='ltr'>quem</span> <span class='ocrx_word' id='word_1_149' title='bbox 1734 3347 2007 3429; x_wconf 56' lang='lat' dir='ltr'>⁴uirum</span> <span class='ocrx_word' id='word_1_150' title='bbox 2068 3343 2373 3429; x_wconf 88' lang='lat' dir='ltr'>bonum</span> <span class='ocrx_word' id='word_1_151' title='bbox 2410 3407 2437 3449; x_wconf 93' lang='lat'>,</span> 
     </span>
     <span class='ocr_line' id='line_1_24' title="bbox 583 3467 2437 3589; baseline -0.001 -35"><span class='ocrx_word' id='word_1_152' title='bbox 583 3467 907 3557; x_wconf 84' lang='lat' dir='ltr'>dicendi</span> <span class='ocrx_word' id='word_1_153' title='bbox 973 3473 1319 3589; x_wconf 86' lang='lat' dir='ltr'>peritum</span> <span class='ocrx_word' id='word_1_154' title='bbox 1383 3476 1589 3563; x_wconf 86' lang='lat' dir='ltr'>Cato</span> <span class='ocrx_word' id='word_1_155' title='bbox 1652 3472 2001 3581; x_wconf 82' lang='lat' dir='ltr'>diffinit,</span> <span class='ocrx_word' id='word_1_156' title='bbox 2064 3467 2437 3557; x_wconf 87' lang='lat' dir='ltr'>vincendi</span> 
     </span>
     <span class='ocr_line' id='line_1_25' title="bbox 581 3595 2442 3717; baseline -0.002 -31"><span class='ocrx_word' id='word_1_157' title='bbox 581 3595 853 3688; x_wconf 80' lang='lat' dir='ltr'>studio</span> <span class='ocrx_word' id='word_1_158' title='bbox 894 3634 1040 3717; x_wconf 88' lang='lat' dir='ltr'>pro</span> <span class='ocrx_word' id='word_1_159' title='bbox 1083 3606 1288 3690; x_wconf 84' lang='lat' dir='ltr'>veris</span> <span class='ocrx_word' id='word_1_160' title='bbox 1323 3602 1511 3690; x_wconf 88' lang='lat' dir='ltr'>falsa</span> <span class='ocrx_word' id='word_1_161' title='bbox 1553 3603 1865 3712; x_wconf 88' lang='lat' dir='ltr'>dicere,</span> <span class='ocrx_word' id='word_1_162' title='bbox 1920 3601 2046 3687; x_wconf 82' lang='lat' dir='ltr'>vel</span> <span class='ocrx_word' id='word_1_163' title='bbox 2113 3601 2442 3717; x_wconf 79' lang='lat' dir='ltr'>commi-</span> 
     </span>
     <span class='ocr_line' id='line_1_26' title="bbox 579 3732 2443 3854; baseline -0.001 -37"><span class='ocrx_word' id='word_1_164' title='bbox 579 3732 823 3845; x_wconf 87' lang='lat' dir='ltr'>nisci,</span> <span class='ocrx_word' id='word_1_165' title='bbox 861 3736 1240 3854; x_wconf 83' lang='lat' dir='ltr'>quoniam</span> <span class='ocrx_word' id='word_1_166' title='bbox 1283 3766 1473 3824; x_wconf 89' lang='lat' dir='ltr'>cum</span> <span class='ocrx_word' id='word_1_167' title='bbox 1517 3738 1661 3825; x_wconf 85' lang='lat' dir='ltr'>viri</span> <span class='ocrx_word' id='word_1_168' title='bbox 1704 3734 1892 3823; x_wconf 89' lang='lat' dir='ltr'>boni</span> <span class='ocrx_word' id='word_1_169' title='bbox 1925 3764 2079 3818; x_wconf 89' lang='lat' dir='ltr'>non</span> <span class='ocrx_word' id='word_1_170' title='bbox 2108 3736 2233 3841; x_wconf 86' lang='lat' dir='ltr'>sit,</span> <span class='ocrx_word' id='word_1_171' title='bbox 2259 3760 2443 3816; x_wconf 88' lang='lat' dir='ltr'>con-</span> 
     </span>
    </p>
   </div>
  </div>
 </body>
</html>
