2981 4742
721 357 881 472 ¹78

642 525 974 608 guarum
1014 516 1275 610 gentes
1316 490 1914 579 delectabantur
1953 489 2293 606 haberes,
2351 530 2504 615 pu·-
2578 599 2586 609 ,

652 647 901 710 tantes
938 655 1124 712 cum
1168 624 1253 709 id
1280 653 1445 710 esse
1472 625 1982 738 praestantius
2008 621 2506 716 obedientiae

658 756 1289 870 promptitudine
1318 822 1341 863 ‚
1378 783 1621 872 quam
1662 755 2015 856 certatim
2083 761 2315 868 geniti
2379 759 2503 844 di-

656 889 894 969 versis
919 887 1128 969 orbis
1158 884 1506 998 partibus
1534 881 2028 991 exhibebant,
2053 909 2223 969 turn
2255 891 2500 974 tutius

646 1014 1315 1126 conspirationum
1356 1011 1826 1098 difficultate
1855 1079 1876 1119 ‚
1917 1043 2109 1128 quas
2177 1045 2494 1131 propter

642 1142 1245 1228 aemulationem
1278 1142 1734 1255 reputabant
1767 1145 2246 1258 impossibile
2277 1178 2510 1262 posse⁸

652 1269 1023 1359 conflari.
1065 1275 1291 1384 Quin
1358 1275 1642 1381 etiam,
1708 1301 1892 1356 cum
1963 1306 2079 1356 res
2145 1275 2535 1380 deduce-⁸

644 1397 877 1486 hatur
914 1403 1010 1486 ad
1058 1433 1397 1516 pugnam
1428 1469 1451 1508 ,
1490 1405 1862 1487 omnibus
1901 1403 2258 1488 studium
2328 1433 2489 1492 erat

646 1527 963 1616 honoris
1005 1537 1342 1646 proprii,
1387 1531 1832 1649 gloriaeque
1899 1536 2139 1618 etiam
2175 1601 2198 1643 ‚
2264 1561 2497 1654 atque

646 1657 893 1744 famae
972 1668 1217 1775 gentis
1296 1695 1478 1746 suae
1511 1730 1532 1768 ‚
1613 1693 1778 1776 quo
1858 1666 2093 1774 magis
2166 1663 2484 1750 animosi

635 1797 1037 1876 certamini
1089 1793 1658 1878 miscebantur.
1707 1793 1814 1875 Et
1855 1823 2040 1878 cum
2073 1825 2158 1877 ea
2190 1818 2488 1910 tempe·

634 1947 826 2006 state
870 1923 1119 2009 Gallis
1158 1924 1518 2007 altissima
1565 1953 1708 2034 pax
1751 1946 1946 2005 esset
1981 1991 2004 2032 ,
2045 1924 2124 2006 in
2194 1926 2487 2023 Italiam

634 2053 1077 2155 veniebant,
1117 2083 1319 2166 quae
1364 2082 1673 2164 semper
1729 2050 1949 2142 bellis
1989 2056 2286 2160 statuit,
2326 2085 2465 2138 no-

640 2184 844 2269 biles
917 2187 1085 2286 eius
1151 2182 1399 2294 gentis
1466 2179 1782 2284 studi0‚
1851 2178 2252 2294 gloriaque
2331 2215 2528 2296 pu·-

640 2313 921 2426 gnandi
960 2381 975 2396 .
1021 2315 1396 2429 Cumque
1468 2309 1812 2393 naturale
1883 2311 1974 2393 sit
2041 2315 2150 2394 eis
2217 2311 2474 2399 lucem
2569 2355 2580 2364 ·

642 2478 788 2558 pro
854 2444 1086 2527 laude
1162 2443 1493 2553 pacisci,
1560 2446 1867 2557 quoties
1932 2440 2497 2551 pugnabatur,'

635 2565 898 2689 plu'res
953 2610 1044 2660 ex
1114 2573 1363 2659 Gallis
1430 2602 1683 2687 quam
1737 2603 1829 2653 ex
1899 2571 2243 2655 exercitu
2315 2596 2482 2653 toto

636 2704 1057 2788 fundentes
1098 2704 1550 2811 sanguinem
1598 2698 2155 2805 moriebantur3
2186 2724 2272 2781 ut
2301 2697 2475 2783 loco

634 2836 987 2916 miraculi
1036 2832 1228 2913 foret
1298 2832 1713 2914 Gallorum
1785 2828 2128 2943 aliquem
2197 2827 2482 2911 decen-

602 2966 828 3049 'nalis
876 2964 1190 3073 militiae
1236 2962 1600 3071 periculis
1641 2988 2070 3070 superesse.
2104 2956 2481 3072 Cumque
2565 3050 2579 3060 ,-

639 3099 1123 3204 contingeret
1206 3092 1549 3207 aliquem
1625 3092 2008 3171 famosum
2079 3086 2478 3169 hominem

643 3249 817 3337 post
860 3202 1371 3323 decennium,
1412 3238 1506 3301 ex
1548 3248 1711 3333 quo
1739 3216 2122 3328 stipendia
2159 3217 2480 3295 meruis-

632 3379 749 3439 set
792 3358 869 3437 in
925 3353 1129 3437 ltalia
1165 3418 1184 3454 ‚
1226 3356 1586 3460 sospitem
1634 3346 1890 3431 redire
1951 3349 2026 3428 in
2102 3350 2421 3457 patriam
2457 3411 2479 3450 ‚

632 3487 1073 3589 carissimus
1116 3480 1325 3591 apud
1398 3510 1622 3585 sum,
1693 3502 1773 3562 et
1845 3472 2484 3561 honoratissimus

630 3613 1091 3699 habebatur,
1110 3610 1319 3696 Hinc
1346 3610 1566 3726 quod
1603 3607 1912 3693 virtutis
1941 3610 2478 3691 testimonium

636 3770 799 3828 erat
823 3812 846 3853 ,
866 3738 1239 3849 inolevit,
1283 3765 1369 3825 ut
1407 3735 2010 3854 proverbialiter
2037 3736 2434 3821 diceretur
2462 3780 2486 3843 5
