<?xml version="1.0" encoding="UTF-8"?>
<!DOCTYPE html PUBLIC "-//W3C//DTD XHTML 1.0 Transitional//EN"
    "http://www.w3.org/TR/xhtml1/DTD/xhtml1-transitional.dtd">
<html xmlns="http://www.w3.org/1999/xhtml" xml:lang="en" lang="en">
 <head>
  <title>
</title>
<meta http-equiv="Content-Type" content="text/html;charset=utf-8" />
  <meta name='ocr-system' content='tesseract 3.04.00' />
  <meta name='ocr-capabilities' content='ocr_page ocr_carea ocr_par ocr_line ocrx_word'/>
</head>
<body>
  <div class='ocr_page' id='page_1' title='image "./invectivalinico00salugoog/invectivalinico00salugoog_0118.png"; bbox 0 0 2981 4742; ppageno 0'>
   <div class='ocr_carea' id='block_1_1' title="bbox 407 482 2423 3848">
    <p class='ocr_par' dir='ltr' id='par_1_1' title="bbox 407 482 2423 3848">
     <span class='ocr_line' id='line_1_1' title="bbox 456 482 2304 602; baseline 0.001 -35"><span class='ocrx_word' id='word_1_1' title='bbox 456 482 701 599; x_wconf 88' lang='lat' dir='ltr'>hique</span> <span class='ocrx_word' id='word_1_2' title='bbox 742 482 1092 567; x_wconf 85' lang='lat' dir='ltr'>concedo</span> <span class='ocrx_word' id='word_1_3' title='bbox 1123 551 1145 589; x_wconf 87' lang='lat'>,</span> <span class='ocrx_word' id='word_1_4' title='bbox 1188 484 1596 598; x_wconf 84' lang='lat' dir='ltr'>requirens</span> <span class='ocrx_word' id='word_1_5' title='bbox 1663 488 2024 573; x_wconf 82' lang='lat' dir='ltr'>obnixius</span> <span class='ocrx_word' id='word_1_6' title='bbox 2077 482 2304 602; x_wconf 90' lang='lat' dir='ltr'>quod</span> 
     </span>
     <span class='ocr_line' id='line_1_2' title="bbox 453 610 2378 730; baseline 0.001 -35"><span class='ocrx_word' id='word_1_7' title='bbox 453 644 595 696; x_wconf 90' lang='lat' dir='ltr'>nos</span> <span class='ocrx_word' id='word_1_8' title='bbox 638 613 917 699; x_wconf 83' lang='lat' dir='ltr'>doceas</span> <span class='ocrx_word' id='word_1_9' title='bbox 958 616 1176 728; x_wconf 87' lang='lat' dir='ltr'>apud</span> <span class='ocrx_word' id='word_1_10' title='bbox 1218 619 1461 730; x_wconf 81' lang='lat' dir='ltr'>quem</span> <span class='ocrx_word' id='word_1_11' title='bbox 1509 616 1905 701; x_wconf 79' lang='lat' dir='ltr'>rhetorem</span> <span class='ocrx_word' id='word_1_12' title='bbox 1974 610 2306 729; x_wconf 84' lang='lat' dir='ltr'>legeris,</span> <span class='ocrx_word' id='word_1_13' title='bbox 2372 650 2378 659; x_wconf 95' lang='lat'><strong>·</strong></span> 
     </span>
     <span class='ocr_line' id='line_1_3' title="bbox 452 743 2310 861; baseline 0.001 -36"><span class='ocrx_word' id='word_1_14' title='bbox 452 743 581 825; x_wconf 86' lang='lat' dir='ltr'>vel</span> <span class='ocrx_word' id='word_1_15' title='bbox 620 745 835 856; x_wconf 84' lang='lat' dir='ltr'>apud</span> <span class='ocrx_word' id='word_1_16' title='bbox 876 776 1113 861; x_wconf 88' lang='lat' dir='ltr'>quem</span> <span class='ocrx_word' id='word_1_17' title='bbox 1160 746 1560 828; x_wconf 87' lang='lat' dir='ltr'>inveneris</span> <span class='ocrx_word' id='word_1_18' title='bbox 1632 772 2021 830; x_wconf 75' lang='lat' dir='ltr'>oratorem</span> <span class='ocrx_word' id='word_1_19' title='bbox 2058 812 2080 851; x_wconf 81' lang='lat'>,</span> <span class='ocrx_word' id='word_1_20' title='bbox 2117 774 2310 828; x_wconf 86' lang='lat' dir='ltr'>cnm</span> 
     </span>
     <span class='ocr_line' id='line_1_4' title="bbox 446 871 2306 991; baseline 0.002 -39"><span class='ocrx_word' id='word_1_21' title='bbox 446 871 801 957; x_wconf 86' lang='lat' dir='ltr'>officium</span> <span class='ocrx_word' id='word_1_22' title='bbox 846 875 923 956; x_wconf 88' lang='lat' dir='ltr'>in</span> <span class='ocrx_word' id='word_1_23' title='bbox 967 874 1308 991; x_wconf 72' lang='lat' dir='ltr'>aliquem</span> <span class='ocrx_word' id='word_1_24' title='bbox 1356 874 1782 960; x_wconf 84' lang='lat' dir='ltr'>invehendi</span> <span class='ocrx_word' id='word_1_25' title='bbox 1825 876 2254 986; x_wconf 78' lang='lat' dir='ltr'><strong>susceperis</strong></span> <span class='ocrx_word' id='word_1_26' title='bbox 2283 940 2306 979; x_wconf 91' lang='lat'>,</span> 
     </span>
     <span class='ocr_line' id='line_1_5' title="bbox 448 1000 2306 1121; baseline 0.001 -40"><span class='ocrx_word' id='word_1_27' title='bbox 448 1000 558 1083; x_wconf 75' lang='lat' dir='ltr'>illi</span> <span class='ocrx_word' id='word_1_28' title='bbox 606 1001 1071 1092; x_wconf 77' lang='lat' dir='ltr'>maledicere</span> <span class='ocrx_word' id='word_1_29' title='bbox 1100 1072 1130 1110; x_wconf 84' lang='lat'>.,</span> <span class='ocrx_word' id='word_1_30' title='bbox 1174 1008 1317 1116; x_wconf 80' lang='lat' dir='ltr'>pro</span> <span class='ocrx_word' id='word_1_31' title='bbox 1358 1038 1523 1121; x_wconf 80' lang='lat' dir='ltr'>quo</span> <span class='ocrx_word' id='word_1_32' title='bbox 1563 1006 1938 1121; x_wconf 81' lang='lat' dir='ltr'>loquaris,</span> <span class='ocrx_word' id='word_1_33' title='bbox 1980 1003 2101 1088; x_wconf 83' lang='lat' dir='ltr'>vel</span> <span class='ocrx_word' id='word_1_34' title='bbox 2147 1004 2306 1083; x_wconf 85' lang='lat' dir='ltr'>sin-</span> 
     </span>
     <span class='ocr_line' id='line_1_6' title="bbox 447 1125 2423 1247; baseline 0.002 -37"><span class='ocrx_word' id='word_1_35' title='bbox 447 1129 812 1239; x_wconf 71' lang='lat' dir='ltr'>gulariter</span> <span class='ocrx_word' id='word_1_36' title='bbox 853 1136 1307 1217; x_wconf 70' lang='lat' dir='ltr'>adversariis</span> <span class='ocrx_word' id='word_1_37' title='bbox 1354 1136 1762 1244; x_wconf 73' lang='lat' dir='ltr'>imponere</span> <span class='ocrx_word' id='word_1_38' title='bbox 1793 1200 1815 1238; x_wconf 96' lang='lat'>,</span> <span class='ocrx_word' id='word_1_39' title='bbox 1884 1130 2106 1247; x_wconf 87' lang='lat' dir='ltr'>quod</span> <span class='ocrx_word' id='word_1_40' title='bbox 2156 1132 2305 1243; x_wconf 85' lang='lat' dir='ltr'>ipsi</span> <span class='ocrx_word' id='word_1_41' title='bbox 2418 1125 2423 1130; x_wconf 54' lang='grc'><em>’</em></span> 
     </span>
     <span class='ocr_line' id='line_1_7' title="bbox 454 1262 2309 1377; baseline 0.002 -36"><span class='ocrx_word' id='word_1_42' title='bbox 454 1264 752 1371; x_wconf 79' lang='lat' dir='ltr'>possint</span> <span class='ocrx_word' id='word_1_43' title='bbox 792 1262 1185 1346; x_wconf 80' lang='lat' dir='ltr'>evidentia</span> <span class='ocrx_word' id='word_1_44' title='bbox 1218 1294 1476 1346; x_wconf 83' lang='lat' dir='ltr'>rerum</span> <span class='ocrx_word' id='word_1_45' title='bbox 1511 1329 1534 1369; x_wconf 87' lang='lat'>,</span> <span class='ocrx_word' id='word_1_46' title='bbox 1572 1263 2090 1377; x_wconf 75' lang='lat' dir='ltr'>omniumque</span> <span class='ocrx_word' id='word_1_47' title='bbox 2120 1293 2309 1345; x_wconf 86' lang='lat' dir='ltr'>con·</span> 
     </span>
     <span class='ocr_line' id='line_1_8' title="bbox 455 1392 2306 1507; baseline 0.001 -35"><span class='ocrx_word' id='word_1_48' title='bbox 455 1420 686 1474; x_wconf 85' lang='lat' dir='ltr'>sensu</span> <span class='ocrx_word' id='word_1_49' title='bbox 733 1394 809 1474; x_wconf 86' lang='lat' dir='ltr'>in</span> <span class='ocrx_word' id='word_1_50' title='bbox 854 1392 1025 1476; x_wconf 78' lang='lat' dir='ltr'>ilios</span> <span class='ocrx_word' id='word_1_51' title='bbox 1068 1392 1506 1501; x_wconf 86' lang='lat' dir='ltr'>reflectere,</span> <span class='ocrx_word' id='word_1_52' title='bbox 1535 1423 1734 1507; x_wconf 82' lang='lat' dir='ltr'>quos</span> <span class='ocrx_word' id='word_1_53' title='bbox 1766 1395 2050 1499; x_wconf 80' lang='lat' dir='ltr'>tueris3</span> <span class='ocrx_word' id='word_1_54' title='bbox 2081 1415 2166 1473; x_wconf 80' lang='lat' dir='ltr'>ut</span> <span class='ocrx_word' id='word_1_55' title='bbox 2209 1394 2306 1473; x_wconf 85' lang='lat' dir='ltr'>ri·-</span> 
     </span>
     <span class='ocr_line' id='line_1_9' title="bbox 446 1519 2305 1639; baseline 0.001 -37"><span class='ocrx_word' id='word_1_56' title='bbox 446 1520 807 1605; x_wconf 84' lang='lat' dir='ltr'>dendum</span> <span class='ocrx_word' id='word_1_57' title='bbox 830 1525 921 1606; x_wconf 81' lang='lat' dir='ltr'>sit</span> <span class='ocrx_word' id='word_1_58' title='bbox 942 1524 1159 1639; x_wconf 86' lang='lat' dir='ltr'>quod</span> <span class='ocrx_word' id='word_1_59' title='bbox 1180 1524 1423 1621; x_wconf 80' lang='lat' dir='ltr'>veluti</span> <span class='ocrx_word' id='word_1_60' title='bbox 1455 1522 1942 1608; x_wconf 81' lang='lat' dir='ltr'>concludens</span> <span class='ocrx_word' id='word_1_61' title='bbox 1966 1524 2042 1604; x_wconf 86' lang='lat' dir='ltr'>in</span> <span class='ocrx_word' id='word_1_62' title='bbox 2066 1519 2305 1606; x_wconf 83' lang='lat' dir='ltr'>huius</span> 
     </span>
     <span class='ocr_line' id='line_1_10' title="bbox 452 1648 2397 1759; baseline 0.003 -29"><span class='ocrx_word' id='word_1_63' title='bbox 452 1648 604 1733; x_wconf 86' lang='lat' dir='ltr'>loci</span> <span class='ocrx_word' id='word_1_64' title='bbox 648 1658 961 1735; x_wconf 83' lang='lat' dir='ltr'>materia</span> <span class='ocrx_word' id='word_1_65' title='bbox 1029 1655 1474 1741; x_wconf 75' lang='lat' dir='ltr'>subiecisti.</span> <span class='ocrx_word' id='word_1_66' title='bbox 1545 1652 1837 1739; x_wconf 84' lang='lat' dir='ltr'>Scribis</span> <span class='ocrx_word' id='word_1_67' title='bbox 1867 1719 1889 1759; x_wconf 92' lang='lat'>‚</span> <span class='ocrx_word' id='word_1_68' title='bbox 1957 1652 2247 1735; x_wconf 84' lang='lat' dir='ltr'>etenim</span> <span class='ocrx_word' id='word_1_69' title='bbox 2281 1688 2299 1735; x_wconf 92' lang='lat'>:</span> <span class='ocrx_word' id='word_1_70' title='bbox 2389 1695 2397 1701; x_wconf 93' lang='lat'>·</span> 
     </span>
     <span class='ocr_line' id='line_1_11' title="bbox 456 1779 2295 1895; baseline 0.003 -32"><span class='ocrx_word' id='word_1_71' title='bbox 456 1782 685 1895; x_wconf 79' lang='lat' dir='ltr'>Ergo</span> <span class='ocrx_word' id='word_1_72' title='bbox 728 1779 859 1880; x_wconf 58' lang='lat' dir='ltr'>hi‘,</span> <span class='ocrx_word' id='word_1_73' title='bbox 903 1814 1105 1895; x_wconf 84' lang='lat' dir='ltr'>quos</span> <span class='ocrx_word' id='word_1_74' title='bbox 1174 1784 1329 1866; x_wconf 75' lang='lat' dir='ltr'>hac</span> <span class='ocrx_word' id='word_1_75' title='bbox 1392 1804 1571 1869; x_wconf 87' lang='lat' dir='ltr'>tam</span> <span class='ocrx_word' id='word_1_76' title='bbox 1642 1784 2016 1877; x_wconf 76' lang='lat' dir='ltr'>infausta</span> <span class='ocrx_word' id='word_1_77' title='bbox 2075 1793 2295 1868; x_wconf 76' lang='lat' dir='ltr'>vitae</span> 
     </span>
     <span class='ocr_line' id='line_1_12' title="bbox 461 1909 2310 2026; baseline 0.004 -36"><span class='ocrx_word' id='word_1_78' title='bbox 461 1909 940 1996; x_wconf 83' lang='lat' dir='ltr'>conditione</span> <span class='ocrx_word' id='word_1_79' title='bbox 1004 1916 1153 1997; x_wconf 87' lang='lat' dir='ltr'>sub</span> <span class='ocrx_word' id='word_1_80' title='bbox 1222 1921 1421 2026; x_wconf 79' lang='lat' dir='ltr'>iugo</span> <span class='ocrx_word' id='word_1_81' title='bbox 1461 1914 2017 1997; x_wconf 84' lang='lat' dir='ltr'>intolerabilis</span> <span class='ocrx_word' id='word_1_82' title='bbox 2059 1920 2310 2019; x_wconf 72' lang='lat' dir='ltr'>servi-¹</span> 
     </span>
     <span class='ocr_line' id='line_1_13' title="bbox 460 2044 2306 2153; baseline 0.002 -33"><span class='ocrx_word' id='word_1_83' title='bbox 460 2045 663 2146; x_wconf 83' lang='lat' dir='ltr'>tutis</span> <span class='ocrx_word' id='word_1_84' title='bbox 706 2047 1206 2153; x_wconf 81' lang='lat' dir='ltr'>opprimitis,</span> <span class='ocrx_word' id='word_1_85' title='bbox 1235 2072 1520 2125; x_wconf 85' lang='lat' dir='ltr'>omnes</span> <span class='ocrx_word' id='word_1_86' title='bbox 1562 2046 1650 2125; x_wconf 83' lang='lat' dir='ltr'>in</span> <span class='ocrx_word' id='word_1_87' title='bbox 1693 2044 2052 2153; x_wconf 73' lang='lat' dir='ltr'>speculis</span> <span class='ocrx_word' id='word_1_88' title='bbox 2084 2063 2306 2147; x_wconf 87' lang='lat' dir='ltr'>sunt,</span> 
     </span>
     <span class='ocr_line' id='line_1_14' title="bbox 448 2170 2306 2281; baseline 0.003 -33"><span class='ocrx_word' id='word_1_89' title='bbox 448 2170 875 2252; x_wconf 68' lang='lat' dir='ltr'>⁴observant</span> <span class='ocrx_word' id='word_1_90' title='bbox 909 2236 930 2273; x_wconf 99' lang='lat'>,</span> <span class='ocrx_word' id='word_1_91' title='bbox 963 2172 1760 2281; x_wconf 83' lang='lat' dir='ltr'>praestolanturque</span> <span class='ocrx_word' id='word_1_92' title='bbox 1821 2176 2306 2281; x_wconf 79' lang='lat' dir='ltr'>opportuni-</span> 
     </span>
     <span class='ocr_line' id='line_1_15' title="bbox 407 2298 2326 2414; baseline 0.002 -36"><span class='ocrx_word' id='word_1_93' title='bbox 407 2366 413 2378; x_wconf 87' lang='lat'><em>.</em></span> <span class='ocrx_word' id='word_1_94' title='bbox 447 2314 709 2382; x_wconf 82' lang='lat' dir='ltr'>tatem</span> <span class='ocrx_word' id='word_1_95' title='bbox 742 2364 764 2405; x_wconf 89' lang='lat'>,</span> <span class='ocrx_word' id='word_1_96' title='bbox 805 2330 969 2414; x_wconf 85' lang='lat' dir='ltr'>qua</span> <span class='ocrx_word' id='word_1_97' title='bbox 1038 2328 1207 2383; x_wconf 86' lang='lat' dir='ltr'>sese</span> <span class='ocrx_word' id='word_1_98' title='bbox 1274 2305 1366 2381; x_wconf 83' lang='lat' dir='ltr'>in</span> <span class='ocrx_word' id='word_1_99' title='bbox 1437 2298 1918 2382; x_wconf 83' lang='lat' dir='ltr'>libertatem</span> <span class='ocrx_word' id='word_1_100' title='bbox 1977 2300 2326 2408; x_wconf 71' lang='lat' dir='ltr'>possint·</span> 
     </span>
     <span class='ocr_line' id='line_1_16' title="bbox 450 2431 2308 2546; baseline -0.001 -34"><span class='ocrx_word' id='word_1_101' title='bbox 450 2461 858 2534; x_wconf 79' lang='lat' dir='ltr'>asserere,</span> <span class='ocrx_word' id='word_1_102' title='bbox 898 2431 1192 2546; x_wconf 85' lang='lat' dir='ltr'>quibus</span> <span class='ocrx_word' id='word_1_103' title='bbox 1232 2435 1637 2540; x_wconf 82' lang='lat' dir='ltr'>quantam</span> <span class='ocrx_word' id='word_1_104' title='bbox 1682 2457 1909 2538; x_wconf 85' lang='lat' dir='ltr'>spem</span> <span class='ocrx_word' id='word_1_105' title='bbox 1945 2431 2308 2540; x_wconf 81' lang='lat' dir='ltr'>praesti-</span> 
     </span>
     <span class='ocr_line' id='line_1_17' title="bbox 445 2553 2305 2668; baseline 0.001 -28"><span class='ocrx_word' id='word_1_106' title='bbox 445 2561 651 2642; x_wconf 83' lang='lat' dir='ltr'>terit</span> <span class='ocrx_word' id='word_1_107' title='bbox 692 2555 941 2642; x_wconf 77' lang='lat' dir='ltr'>huius</span> <span class='ocrx_word' id='word_1_108' title='bbox 982 2555 1391 2642; x_wconf 78' lang='lat' dir='ltr'>adventus</span> <span class='ocrx_word' id='word_1_109' title='bbox 1434 2563 1914 2663; x_wconf 74' lang='lat' dir='ltr'>exercitus,</span> <span class='ocrx_word' id='word_1_110' title='bbox 1958 2553 2305 2668; x_wconf 68' lang='lat' dir='ltr'>dgffi&#39;cile</span> 
     </span>
     <span class='ocr_line' id='line_1_18' title="bbox 452 2687 2326 2802; baseline -0.001 -32"><span class='ocrx_word' id='word_1_111' title='bbox 452 2687 689 2771; x_wconf 85' lang='lat' dir='ltr'>dictu</span> <span class='ocrx_word' id='word_1_112' title='bbox 734 2708 855 2771; x_wconf 82' lang='lat' dir='ltr'>est</span> <span class='ocrx_word' id='word_1_113' title='bbox 885 2749 905 2771; x_wconf 89' lang='lat'>.</span> <span class='ocrx_word' id='word_1_114' title='bbox 948 2687 1261 2802; x_wconf 84' lang='lat' dir='ltr'>Affecti</span> <span class='ocrx_word' id='word_1_115' title='bbox 1299 2690 1526 2769; x_wconf 83' lang='lat' dir='ltr'>enim</span> <span class='ocrx_word' id='word_1_116' title='bbox 1569 2705 1763 2774; x_wconf 83' lang='lat' dir='ltr'>sunt</span> <span class='ocrx_word' id='word_1_117' title='bbox 1823 2689 2326 2770; x_wconf 78' lang='lat' dir='ltr'>inaestima-¹</span> 
     </span>
     <span class='ocr_line' id='line_1_19' title="bbox 452 2807 2312 2934; baseline 0 -36"><span class='ocrx_word' id='word_1_118' title='bbox 452 2818 628 2924; x_wconf 79' lang='lat' dir='ltr'>bili,</span> <span class='ocrx_word' id='word_1_119' title='bbox 670 2837 921 2934; x_wconf 84' lang='lat' dir='ltr'>atque</span> <span class='ocrx_word' id='word_1_120' title='bbox 951 2807 1435 2902; x_wconf 84' lang='lat' dir='ltr'>incredibili</span> <span class='ocrx_word' id='word_1_121' title='bbox 1460 2817 1936 2920; x_wconf 79' lang='lat' dir='ltr'>alacritate,</span> <span class='ocrx_word' id='word_1_122' title='bbox 1978 2845 2312 2927; x_wconf 80' lang='lat' dir='ltr'>seseque</span> 
     </span>
     <span class='ocr_line' id='line_1_20' title="bbox 448 2945 2326 3062; baseline -0.001 -33"><span class='ocrx_word' id='word_1_123' title='bbox 448 2951 621 3030; x_wconf 85' lang='lat' dir='ltr'>iam</span> <span class='ocrx_word' id='word_1_124' title='bbox 658 2949 963 3059; x_wconf 87' lang='lat' dir='ltr'>pedem</span> <span class='ocrx_word' id='word_1_125' title='bbox 996 2952 1373 3062; x_wconf 84' lang='lat' dir='ltr'>posuisse</span> <span class='ocrx_word' id='word_1_126' title='bbox 1413 2953 1504 3032; x_wconf 86' lang='lat' dir='ltr'>in</span> <span class='ocrx_word' id='word_1_127' title='bbox 1537 2949 2136 3059; x_wconf 83' lang='lat' dir='ltr'>possessionem</span> <span class='ocrx_word' id='word_1_128' title='bbox 2169 2945 2326 3028; x_wconf 78' lang='lat' dir='ltr'>de-&#39;</span> 
     </span>
     <span class='ocr_line' id='line_1_21' title="bbox 451 3077 2332 3194; baseline 0 -34"><span class='ocrx_word' id='word_1_129' title='bbox 451 3097 833 3188; x_wconf 81' lang='lat' dir='ltr'>speratae</span> <span class='ocrx_word' id='word_1_130' title='bbox 861 3077 1286 3194; x_wconf 84' lang='lat' dir='ltr'>quondam</span> <span class='ocrx_word' id='word_1_131' title='bbox 1328 3081 1751 3165; x_wconf 83' lang='lat' dir='ltr'>libertatis</span> <span class='ocrx_word' id='word_1_132' title='bbox 1780 3078 2332 3162; x_wconf 83' lang='lat' dir='ltr'>existima·nt.&#39;</span> 
     </span>
     <span class='ocr_line' id='line_1_22' title="bbox 448 3203 2333 3322; baseline -0.002 -30"><span class='ocrx_word' id='word_1_133' title='bbox 448 3203 631 3292; x_wconf 88' lang='lat' dir='ltr'>Non</span> <span class='ocrx_word' id='word_1_134' title='bbox 676 3215 927 3320; x_wconf 83' lang='lat' dir='ltr'>potest</span> <span class='ocrx_word' id='word_1_135' title='bbox 968 3239 1062 3293; x_wconf 87' lang='lat' dir='ltr'>ex</span> <span class='ocrx_word' id='word_1_136' title='bbox 1102 3207 1341 3294; x_wconf 80' lang='lat' dir='ltr'>stuite</span> <span class='ocrx_word' id='word_1_137' title='bbox 1386 3207 1820 3320; x_wconf 84' lang='lat' dir='ltr'>praemissis</span> <span class='ocrx_word' id='word_1_138' title='bbox 1860 3209 2086 3322; x_wconf 86' lang='lat' dir='ltr'>sequi</span> <span class='ocrx_word' id='word_1_139' title='bbox 2156 3205 2333 3288; x_wconf 87' lang='lat' dir='ltr'>nisi·</span> 
     </span>
     <span class='ocr_line' id='line_1_23' title="bbox 449 3331 2306 3448; baseline 0.001 -30"><span class='ocrx_word' id='word_1_140' title='bbox 449 3335 685 3420; x_wconf 76' lang='lat' dir='ltr'>stulta</span> <span class='ocrx_word' id='word_1_141' title='bbox 723 3337 1167 3426; x_wconf 83' lang='lat' dir='ltr'>conclusio‘.</span> <span class='ocrx_word' id='word_1_142' title='bbox 1212 3335 1468 3426; x_wconf 66' lang='lat' dir='ltr'>Stuiie</span> <span class='ocrx_word' id='word_1_143' title='bbox 1514 3331 1812 3448; x_wconf 64' lang='lat' dir='ltr'>dixisti,</span> <span class='ocrx_word' id='word_1_144' title='bbox 1854 3365 1999 3421; x_wconf 84' lang='lat' dir='ltr'>nec</span> <span class='ocrx_word' id='word_1_145' title='bbox 2040 3333 2306 3420; x_wconf 88' lang='lat' dir='ltr'>solum</span> 
     </span>
     <span class='ocr_line' id='line_1_24' title="bbox 450 3462 2414 3578; baseline -0.001 -29"><span class='ocrx_word' id='word_1_146' title='bbox 450 3467 710 3575; x_wconf 81' lang='lat' dir='ltr'>stulte,</span> <span class='ocrx_word' id='word_1_147' title='bbox 746 3469 885 3553; x_wconf 90' lang='lat' dir='ltr'>sed</span> <span class='ocrx_word' id='word_1_148' title='bbox 930 3469 1139 3578; x_wconf 81' lang='lat' dir='ltr'>false,</span> <span class='ocrx_word' id='word_1_149' title='bbox 1182 3497 1357 3555; x_wconf 85' lang='lat' dir='ltr'>nost</span> <span class='ocrx_word' id='word_1_150' title='bbox 1378 3503 1520 3554; x_wconf 88' lang='lat' dir='ltr'>ros</span> <span class='ocrx_word' id='word_1_151' title='bbox 1551 3467 1913 3554; x_wconf 80' lang='lat' dir='ltr'>subditos</span> <span class='ocrx_word' id='word_1_152' title='bbox 1953 3495 2114 3550; x_wconf 88' lang='lat' dir='ltr'>esse</span> <span class='ocrx_word' id='word_1_153' title='bbox 2155 3462 2316 3548; x_wconf 82' lang='lat' dir='ltr'>ser·</span> <span class='ocrx_word' id='word_1_154' title='bbox 2407 3491 2414 3503; x_wconf 87' lang='grc'>’</span> 
     </span>
     <span class='ocr_line' id='line_1_25' title="bbox 452 3587 2315 3718; baseline -0.003 -37"><span class='ocrx_word' id='word_1_155' title='bbox 452 3629 641 3708; x_wconf 70' lang='lat' dir='ltr'>vos,</span> <span class='ocrx_word' id='word_1_156' title='bbox 678 3599 989 3685; x_wconf 80' lang='lat' dir='ltr'>stultius</span> <span class='ocrx_word' id='word_1_157' title='bbox 1030 3603 1374 3684; x_wconf 84' lang='lat' dir='ltr'>resumis</span> <span class='ocrx_word' id='word_1_158' title='bbox 1418 3587 1645 3718; x_wconf 78' lang='lat' dir='ltr'>quod</span> <span class='ocrx_word' id='word_1_159' title='bbox 1715 3596 2044 3680; x_wconf 80' lang='lat' dir='ltr'>infausta</span> <span class='ocrx_word' id='word_1_160' title='bbox 2112 3594 2315 3676; x_wconf 80' lang='lat' dir='ltr'>vitae</span> 
     </span>
     <span class='ocr_line' id='line_1_26' title="bbox 452 3717 2308 3848; baseline -0.006 -34"><span class='ocrx_word' id='word_1_161' title='bbox 452 3731 931 3841; x_wconf 81' lang='lat' dir='ltr'>conditione,</span> <span class='ocrx_word' id='word_1_162' title='bbox 961 3731 1146 3844; x_wconf 85' lang='lat' dir='ltr'>iugo</span> <span class='ocrx_word' id='word_1_163' title='bbox 1174 3729 1580 3816; x_wconf 76' lang='lat' dir='ltr'>servitutis</span> <span class='ocrx_word' id='word_1_164' title='bbox 1620 3717 2124 3848; x_wconf 74' lang='lat' dir='ltr'>intolerabilis</span> <span class='ocrx_word' id='word_1_165' title='bbox 2166 3717 2308 3834; x_wconf 76' lang='lat' dir='ltr'>cp·-</span> 
     </span>
    </p>
   </div>
  </div>
 </body>
</html>
