2981 4742
2170 348 2269 432 13

477 488 598 575 vel
641 487 1108 573 invectionis
1147 481 1318 572 solo
1357 507 1733 572 contextu·
1766 482 2109 598 potuerit
2152 483 2321 570 cul-

343 616 366 625 *
476 620 816 734 pabiiem
859 617 1189 700 reddere
1229 648 1476 735 quem
1516 618 1873 700 accusat?
1910 617 2028 702 Sit
2096 615 2327 731 Cice·

323 755 334 763 ’
475 779 566 832 ro
594 817 618 856 ,
657 753 757 833 sit
800 745 1402 855 Demosthenes,
1441 745 1542 831 sit
1580 777 1927 832 summae
1967 746 2087 829 vir
2125 751 2327 832 inte-

477 880 772 990 gritatis
813 879 1062 985 Cato,
1105 879 1204 962 sit
1245 875 1639 962 Antonius
1666 943 1690 985 ,
1756 901 1891 961 aut
1944 876 2267 962 Crassus
2293 945 2319 983 ,

473 1007 570 1088 sit
616 1003 1168 1091 Demosthenis
1207 1006 1629 1090 insectator
1682 1003 2155 1114 Aeschines,
2197 1005 2322 1090 vel
2390 1095 2394 1102 ,

477 1138 970 1252 quicumque
1037 1156 1392 1246 togatuS,
1457 1157 1595 1218 aut
1663 1132 2079 1248 palliatus,
2148 1133 2323 1248 plus

481 1295 836 1382 unquam
881 1270 962 1350 in
1007 1267 1222 1347 curia
1267 1296 1412 1376 pro
1455 1273 1768 1371 rostriS,
1835 1263 1959 1347 vel
2024 1265 2323 1346 subsel-

479 1394 602 1476 liis
669 1395 964 1507 valeat,
1003 1393 1128 1478 vel
1199 1394 1493 1503 vaiuit3
1530 1396 1734 1500 sint,
1772 1393 1831 1474 si
1895 1392 2200 1506 placet,
2240 1419 2321 1478 et

477 1557 754 1610 omnes
830 1526 1116 1632 simul,
1196 1553 1663 1640 nunquam,
1728 1524 1870 1606 nisi
1939 1526 2321 1636 probave-

479 1657 682 1763 rint,
726 1686 950 1740 reum
1016 1657 1551 1740 damnabunt.
1596 1653 2135 1766 Quamobrem
2206 1658 2321 1742 vi-

469 1783 609 1890 de,
653 1811 1033 1886 tuamque
1075 1788 1462 1872 inscitiam
1535 1815 1994 1898 recognosce
2024 1855 2047 1892 ,
2083 1811 2316 1871 tuum

463 1902 870 2023 errorem,
933 1918 1361 2034 disceque,
1426 1915 1744 2023 rabida,
1824 1918 2311 2002 stuitissima-
2427 1970 2433 1975 .

465 2073 626 2156 que
692 2045 934 2128 bestia
964 2043 1253 2162 ,quod
1317 2047 1554 2129 etiam
1620 2047 1701 2128 in
1770 2045 2135 2152 iudiciis,
2198 2077 2318 2130 se-

463 2199 700 2284 natu,
753 2174 878 2260 vel
944 2175 1244 2290 populo
1311 2173 1527 2259 nulla
1592 2171 1790 2261 fides
1854 2177 2315 2262 accusatori-

460 2305 663 2412 bus,
729 2307 855 2393 vel
921 2307 1294 2413 testibus,
1371 2307 1513 2423 qui
1600 2336 1681 2389 se
1746 2308 2109 2416 gesserint
2176 2303 2320 2387 ini-

461 2439 708 2519 micos
736 2502 759 2542 ,
798 2437 1036 2518 soleat
1067 2502 1090 2541 ,
1129 2436 1252 2520 vel
1283 2436 1565 2519 debeat
1594 2435 2000 2544 adhiberi3
2040 2464 2318 2552 quam·

458 2565 579 2645 vis
658 2568 896 2648 etiam
972 2594 1195 2675 saepe
1263 2569 1413 2648 sint
1482 2564 1839 2672 iudices,
1916 2564 2017 2647 sit
2096 2594 2315 2647 sena·

456 2715 808 2799 tus,aut
850 2692 1197 2806 populus
1277 2691 1443 2800 illi,
1511 2722 1753 2807 quem
1834 2692 2013 2810 quis
2079 2722 2309 2777 accu-

433 2825 784 2927 saverit,
823 2819 1257 2930 subiratus3
1327 2843 1414 2904 ut
1480 2820 1787 2937 quoties
1852 2846 2303 2929 accusator,

386 3000 388 3002 >
453 2951 577 3033 vei
609 2953 860 3036 vocati
891 2974 1122 3035 testes
1151 2950 1298 3036 hoc
1327 2951 1777 3038 inimicitiae
1809 2952 2047 3058 virus,
2074 2952 2299 3068 quod

452 3106 540 3163 tu
587 3105 740 3166 tam
781 3080 1186 3166 manifeste
1227 3082 1499 3195 prodis
1526 3149 1550 3191 ,
1593 3112 1777 3195 prae
1820 3112 1899 3165 se
1939 3080 2309 3189 tulerint,

445 3210 570 3293 vel
611 3241 693 3295 se
731 3209 950 3297 stulti
994 3242 1151 3298 non
1195 3216 1525 3297 sentiant
1568 3215 1951 3319 insanire,
1995 3211 2118 3296 vel
2162 3240 2315 3292 au·x

447 3332 744 3427 ditores
785 3367 872 3428 ut
910 3374 1218 3427 tnsanos
1286 3366 1706 3492 reputent,
1773 3368 1853 3426 et
1926 3344 2004 3425 in
2072 3370 2295 3425 suam

443 3470 816 3576 inclinare
856 3472 1315 3577 stultitiam,
1356 3496 1431 3555 et
1473 3471 1559 3554 in
1602 3470 2097 3582 insipientiae
2164 3502 2290 3553 su·

448 3603 670 3711 pinae
710 3626 972 3687 notam
1008 3671 1028 3710 ,
1067 3626 1200 3687 aut
1245 3602 1677 3719 iniquitatis
1704 3598 2093 3681 infamiam
2125 3620 2283 3680 tru-

443 3728 660 3814 dere·
701 3732 1220 3819 meditentur.
1264 3733 1517 3844 Quis,
1558 3728 1812 3834 enim,
1880 3723 2081 3808 adeo
2152 3724 2288 3807 de-
