2981 4742
2080 341 2235 459 187

459 496 751 613 pedem
791 497 1026 608 tulit3
1066 493 1283 588 unde
1326 487 1674 609 reppulit
1716 483 2001 606 pedem
2042 485 2294 571 traxit.

457 626 683 714 Hanc
723 653 1046 733 arcton,
1087 624 1238 710 boc
1276 624 1523 729 sidus,
1562 617 1870 724 sedens,
1908 638 1987 702 et
2023 613 2301 700 ambu-

458 757 623 844 lans
653 825 675 866 ,
740 759 1191 861 dormiens,
1257 777 1495 870 atque
1568 745 1937 861 vigilans,
2000 773 2307 859 semper

455 887 607 970 sibi
687 889 1092 1002 proposuit
1121 950 1140 989 ‚
1206 911 1513 994 semper
1596 876 1788 964 velis
1821 943 1844 984 ,
1909 879 2305 994 remisque

459 1041 780 1100 secutus
819 1035 936 1100 est
965 1080 984 1100 .
1029 1011 1148 1096 lbi
1193 1011 1298 1096 fas
1328 1078 1350 1119 ,
1396 1006 1699 1094 ubi-vel
1742 1007 2059 1090 minima
2126 1035 2315 1120 spes

459 1143 858 1256 augendae
927 1141 1474 1224 „ee->minationis
1550 1134 1879 1224 effulsit.
1950 1135 2123 1224 Hac
2199 1130 2303 1221 de

391 1305 398 1314 ·
456 1291 682 1354 causa
766 1269 960 1356 bella
1005 1271 1281 1382 gessit3
1324 1268 1464 1352 hac
1500 1266 1965 1361 ‚intentione
2032 1288 2304 1378 pactus

455 1400 598 1484 sibi
645 1403 1064 1505 Veronam,
1091 1397 1576 1515 dominoque
1606 1395 1981 1482 paduano
2007 1394 2301 1481 Vicen-

459 1529 645 1611 tiam
681 1595 703 1634 ,
772 1526 1104 1612 bellum·
1143 1528 1598 1612 Veronense
1666 1526 2059 1637 suscepit.
2122 1522 2299 1608 Hac

457 1658 666 1742 rabie
697 1659 1136 1746 Vicentiam
1168 1657 1423 1770 ruptis
1463 1654 1917 1740 foederibus
1947 1683 2085 1766 per
2111 1683 2295 1739 con·

464 1787 728 1898 iugem
791 1818 1012 1872 suam
1069 1788 1299 1899 cepit.
1339 1785 1487 1874 His
1528 1811 1747 1870 actus
1784 1783 2118 1870 stimuiis
2160 1776 2299 1866 de-

460 1939 784 2030 ceptum
825 1919 1127 2000 socium
1175 1915 1502 2000 adortus
1569 1915 1777 2000 bello
1806 1981 1828 2020 ,
1868 1915 2097 1999 sociis
2138 1910 2296 1997 Ve-

467 2048 666 2130 netis
705 2047 1156 2131 Tarvisium
1224 2043 1593 2162 linquens
1622 2113 1644 2152 ,
1689 2067 1833 2158 pro
1895 2075 1977 2127 se
2006 2110 2028 2151 ,
2056 2068 2067 2091 ”
2095 2045 2298 2129 sicut

471 2177 920 2290 pepigerat,
958 2175 1307 2261 Paduam
1348 2179 1785 2289 occupavit.
1815 2173 1986 2260 Hac
2073 2173 2304 2262 adem

453 2307 582 2389 siti
658 2303 916 2391 civilia
994 2303 1199 2391 bella
1279 2306 1782 2393 Ianuensium
1812 2371 1837 2415 ‚
1913 2329 1992 2390 et
2074 2305 2303 2389 miras

461 2433 815 2517 eiusdem
857 2435 1102 2546 gentis
1139 2432 1442 2520 ducum
1500 2434 2043 2519 aiternationes
2107 2464 2305 2518 sem·

456 2590 596 2675 per
635 2561 880 2649 fovit.
919 2562 1123 2671 Hoc,
1167 2562 1361 2677 proh
1401 2562 1675 2649 do‘lor!
1714 2561 1999 2647 scelere
2039 2561 2304 2647 l'evita-

461 2713 620 2775 tem
662 2690 1268 2807 B‘ononiensium
1311 2692 1413 2777 ad
1465 2694 1807 2775 invicem
1848 2692 2089 2775 civica
2142 2690 2343 2784 dis--

445 2820 802 2904 sensione
829 2804 1418 2931 concussit.Hac
1445 2819 1719 2905 eadem
1750 2821 2023 2906 fraude
2087 2850 2302 2908 nunc

451 2948 952 3061 Astorgium,
1018 2978 1236 3035 nunc
1298 2948 1657 3035 inclitum
1718 2951 2110 3037 Comitem
2160 2950 2325 3036 Al·-

452 3074 809 3163 hericum
844 3143 868 3184 ‚
905 3100 1079 3163 astu
1120 3076 1372 3162 variae
1411 3077 1969 3166 ludificationis
2006 3080 2252 3168 adivit
2280 3090 2306 3171 .’

347 3266 362 3281 „
446 3206 628 3293 Hoc
701 3210 1110 3358 proposito
1161 3208 1793 3297 Bononiensibus
1844 3210 2096 3297 civilis
2158 3210 2301 3296 do-

449 3336 898 3423 minationis
960 3362 1198 3448 caput
1267 3340 1564 3491 erexit,
1632 3372 1974 3459 moxque
2036 3338 2303 3455 coepit
2366 3349 2373 3355 ’

449 3486 808 3549 erectum
889 3463 1104 3550 mille
1183 3434 1890 3576 machinationibus
1936 3470 2298 3581 agitare·
2276 3533 2303 3578 ,

455 3588 939 3712 tandemque
978 3591 1313 3680 stultum
1353 3620 1434 3681 et
1474 3597 1872 3687 infelicem
1900 3598 2129 3683 illum
2163 3626 2302 3713 po·
2362 3582 2370 3590 ’

461 3718 786 3832 pulum,
827 3752 1014 3809 cum
1055 3722 1133 3807 in
1175 3720 1615 3812 libertatem
1658 3758 1847 3815 vana
1886 3724 2343 3817 credulita-.
