2981 4742
745 299 872 384 62

693 445 990 529 Sancti
1019 394 1416 530 Miniatis
1443 441 1799 526 extollat
1842 441 1993 544 ιὶζα
2034 439 2365 570 quidem
2384 478 2539 562 op-

684 572 1038 678 pidanis
1081 577 1452 678 anselm,
1496 576 1766 674 vobis,
1811 591 1895 654 ut
1942 574 2275 656 videtur
2302 639 2324 678 ,
2358 579 2536 668 for-

689 717 986 814 tunata
1039 710 1424 814 recepti0‚
1446 720 1873 818 quan-‘um
1922 719 2129 784 terr
2101 706 2317 812 ficet
2358 723 2563 788 tam.

683 833 850 912 cito
882 854 1334 944 properata
1378 833 1721 916 rebellio
1748 893 1768 916 .
1812 827 2087 933 Infelix
2142 860 2238 912 ne
2307 833 2527 912 terri·
2590 845 2597 850 '

679 960 892 1066 genis
933 960 1143 1046 illius
1184 963 1458 1073 oppidi
1492 960 1640 1042 fuit
1674 959 1997 1042 mutatio
2024 955 2124 1039 de
2155 959 2524 1042 servitute

679 1089 758 1168 iu
804 1085 1285 1194 libertatem,
1324 1087 1426 1172 de
1467 1090 1676 1172 rabie
1704 1087 1950 1179 civilis
1993 1084 2205 1191 beni,
2244 1085 2511 1202 deque

676 1214 1108 1300 obsidionis
1153 1220 1735 1330 urgentissimae
1754 1214 2124 1327 periculis
2154 1217 2231 1298 in
2252 1215 2518 1300 dulce-

673 1339 942 1428 dinem
985 1349 1466 1453 securitatis,
1504 1372 1581 1430 et
1626 1347 1881 1458 pacis?
1909 1345 2123 1451 Fuit,
2168 1343 2319 1426 suit
2362 1335 2517 1452 iiia,

676 1469 736 1552 si
781 1476 1026 1564 nescis
1055 1542 1078 1581 ,
1118 1475 1464 1558 exclusio
1494 1541 1513 1580 ‚
1556 1506 1708 1590 qua
1759 1476 2108 1586 viperam
2172 1477 2515 1558 saevien-
2616 1477 2623 1486 '

683 1623 840 1686 tem
871 1669 893 1707 ,
938 1605 1595 1722 tyrannidemque
1639 1604 2112 1716 Ligusticatn
2143 1670 2167 1712 ,
2232 1636 2325 1689 ex
2382 1603 2521 1696 illo

681 1736 1220 1840 potentissimo
1260 1760 1510 1844 castro
1553 1735 2052 1846 praecipitem
2095 1733 2470 1816 dedimus
2497 1800 2519 1836 ,

673 1853 1213 1968 gloriosissima
1258 1863 1525 1970 nobis,
1566 1862 2073 1974 optatissima,
2114 1860 2520 1975 faustaque

677 1993 1212 2106 municipibus
1255 1992 1430 2096 illis,
1457 1994 1597 2108 qui
1628 2023 1847 2077 saeva
1891 1991 2091 2074 fame
2139 1991 2517 2104 peribant,

674 2119 1024 2238 iugoque
1064 2122 1649 2210 crudelissimae
1719 2119 2151 2233 tyrannidis
2220 2149 2524 2231 preme-

683 2247 996 2361 bantur3
1023 2251 1174 2334 fuit
1217 2253 1355 2334 toti
1393 2252 1679 2370 patriae
1706 2249 2081 2358 salutaris,
2111 2250 2522 2366 vobisque,

580 2380 586 2385 ’
675 2380 738 2461 si
783 2405 1086 2467 rectum
1153 2381 1454 2495 aliquid
1522 2382 1941 2497 saperetis,
1980 2377 2386 2493 exemplo,
2428 2410 2527 2463 ne

673 2536 895 2624 ,spem
964 2510 1312 2607 tentandi
1346 2575 1370 2617 ,
1410 2507 1535 2591 vel
1605 2508 2065 2624 acquirendi
2130 2509 2523 2593 sumeritis

673 2637 756 2719 iu
799 2661 1196 2750 posterum
1241 2638 1365 2721 iila
1398 2704 1420 2745 ,
1458 2668 1661 2757 quae
1728 2668 1883 2722 non
1952 2638 2211 2751 potnit
2277 2660 2523 2719 vestra

675 2769 1019 2877 potentia
1049 2832 1071 2868 ,
1113 2770 1399 2851 recenti
1447 2768 1767 2852 victoria
1822 2790 2131 2851 tumens
2158 2831 2183 2873 ,
2222 2766 2519 2849 moeni-

677 2895 988 3009 busque
1029 2898 1314 2996 nostris
1349 2897 1773 2981 imminens
1802 2961 1824 3002 ,
1864 2918 1940 2979 et
1982 2893 2251 2978 infesta
2294 2892 2525 2979 tueri.

677 3026 848 3133 Et,
887 3050 976 3111 ut
1018 3056 1182 3111 rem
1226 3049 1468 3111 totam
1512 3050 1719 3109 certa
1762 3027 2058 3129 ratione
2086 3053 2527 3133 cognoscas,

682 3156 884 3242 sorte
919 3157 1254 3275 quidem
1298 3156 1664 3241 nondum
1708 3158 1969 3243 editus
2028 3185 2193 3239 eras
2254 3156 2335 3245 in
2404 3154 2525 3238 lu-

679 3314 852 3371 cem
883 3287 1211 3405 ‚paucis
1252 3290 1519 3399 accipe
1558 3318 1945 3371 summam
1988 3315 2275 3370 rernm.
2305 3285 2519 3370 Cum

675 3416 1022 3531 populus
1058 3420 1316 3506 Sancti
1359 3418 1708 3503 Miniatis
1747 3418 2147 3501 contrariis
2175 3415 2522 3501 factioni·

650 3640 653 3645 ,
691 3548 838 3632 bus
876 3545 1292 3633 dissideret
1321 3614 1344 3657 ‚
1383 3548 1702 3646 tandem
1743 3550 1942 3631 inter
1984 3548 2379 3663 principes
2417 3544 2524 3645 fa-

639 3748 643 3755 .
685 3675 1010 3791 taionis,
1053 3664 1254 3795 quae
1324 3680 1715 3794 potentior
1769 3701 1984 3789 erat,
2024 3707 2261 3796 quam
2304 3676 2526 3762 Ciac·
2590 3778 2623 3787 ..
