2981 4742
763 341 818 442 4
1536 273 1546 319 i

689 483 1054 596 Spartam
1119 481 1370 591 hanc,
1440 502 1530 575 ut
1574 479 1977 566 Graecum
2022 480 2543 592 proverbium
2598 505 2605 510 ’

663 596 1474 729 ‘habethuscepct-it
1504 675 1527 720 ‚
1596 608 2172 695 contendamus
2203 675 2223 697 .
2292 610 2555 696 Perdo

681 763 948 828 tamen
986 745 1475 829 occasionem
1550 737 2163 853 pulcherrimam
2198 807 2221 846 ‚
2261 765 2337 823 et
2376 773 2547 824 ora-

679 872 988 958 toribus
1028 896 1526 987 exoptatam,
1570 897 1759 952 cum
1802 865 2224 952 adversarii
2272 899 2539 980 perso-

681 1031 808 1110 na,
847 1027 1118 1088 contra
1157 1031 1403 1120 quam
1448 997 1698 1084 muita
1741 1027 1969 1112 saepe
2012 993 2281 1080 dicere
2323 997 2535 1106 iicet,

559 1125 566 1134 ’
673 1119 1127 1220 auferatur.
1170 1135 1374 1220 Vtar
1442 1155 1705 1216 tamen
1748 1130 1830 1211 in
1875 1157 2061 1210 eum
2091 1193 2137 1277 '.
2184 1129 2534 1245 quisque

663 1259 800 1343 ille
876 1264 976 1348 sit
1005 1328 1028 1370 ‚
1109 1286 1448 1379 utarque
1530 1259 1915 1366 liberius,
1996 1259 2186 1372 quia
2268 1261 2535 1376 nescio

660 1384 898 1500 plane
938 1393 1080 1509 qui
1123 1394 1222 1476 sit
1253 1457 1276 1498 ,
1313 1391 1569 1502 dignis
1610 1419 1759 1503 pro
1806 1369 2270 1497 meritorum
2340 1419 2525 1471 suo·

542 1552 559 1582 ·-
661 1543 844 1604 rum
886 1519 1166 1606 fraude
1207 1521 1714 1624 nominibus,
1756 1541 1849 1602 ut
1889 1545 2077 1602 cum
2148 1546 2228 1601 se
2299 1517 2527 1602 vide·
2598 1605 2621 1614 „

657 1648 762 1732 rit
802 1679 939 1764 per
982 1653 1446 1737 universum
1513 1649 1749 1732 h'uius
1816 1647 2337 1759 responsionis
2380 1679 2523 1732 uo-

656 1800 859 1867 strae
901 1811 1191 1898 corpus
1263 1783 1468 1870 veris
1534 1777 1970 1864 rationibus
2010 1776 2461 1887 *laceratum
2495 1843 2521 1886 ‚

658 1912 1067 2023 poeniteat
1131 1943 1321 1998 eum
1374 1905 1811 2028 aliquando
1877 1907 2370 2014 temeritatis,
2434 1929 2515 2007 et

651 2041 1020 2130 audaciae
1061 2075 1244 2130 suae
1271 2111 1296 2154 ,
1336 2042 1747 2159 discatque
1815 2038 2121 2153 parcius
2190 2036 2522 2121 maledi-

656 2198 838 2256 cere
863 2239 888 2281 ‚
927 2203 1114 2260 cum
1155 2166 1428 2262 contra
1469 2203 1553 2258 se
1592 2169 2053 2282 cognoverit
2094 2192 2340 2253 semet
2382 2168 2505 2253 ul-

651 2303 886 2389 tionis
923 2303 1236 2393 debitae
1280 2304 1663 2421 laqueum
1706 2298 2135 2386 intendisse
2166 2363 2189 2409 ,
2228 2327 2316 2383 ac
2360 2329 2535 2393 un·-¹

602 2432 758 2516 ’de
823 2434 1062 2522 stulte
1127 2434 1659 2554 quaesiverit,
1727 2454 1821 2517 ut
1885 2428 2278 2538 arbitror,
2343 2428 2504 2549 glo·

568 2647 570 2649 ,
645 2560 849 2645 riam
879 2629 903 2671 ‚
943 2562 1306 2650 infamiae
1375 2562 1633 2676 turpis
1679 2583 1946 2644 notam
2013 2560 2131 2648 in·
2165 2590 2249 2643 se
2293 2590 2511 2673 prae-

653 2691 949 2802 ceperit
1023 2721 1188 2778 esse
1264 2690 1701 2779 conflatum
1746 2754 1768 2775 .
1852 2683 2318 2801 compatior
2397 2714 2529 2796 ta·-

645 2846 832 2904 men
871 2819 1246 2933 stultitiae
1283 2852 1469 2905 suae
1498 2887 1521 2927 ‚
1562 2812 1703 2937 dui
1744 2848 1828 2904 se
1872 2814 2332 2933 maliloquio
2357 2846 2504 2903 suo

644 2947 1092 3060 prodiderit
1120 3016 1144 3058 ,
1181 2948 1655 3065 ‘cunctisque
1720 2978 1857 3032 sua
1934 2944 2375 3058 legentibus
2416 2980 2497 3034 se

637 3078 1030 3190 cupiverit
1070 3109 1232 3164 esse
1283 3065 1693 3189 ludibrio3
1761 3079 2111 3164 inscitiae
2172 3080 2505 3196 quidem

634 3203 1048 3319 singularis
1089 3206 1725 3317 documentum,
1764 3228 1843 3291 et
1902 3206 2148 3316 malae
2212 3212 2499 3296 mentis

559 3346 564 3351 ’
633 3336 1148 3449 perspicuum
1214 3360 1822 3453 argumentum.
1890 3338 2162 3451 Quis,
2230 3344 2439 3425 enim
2471 3402 2499 3449 ‚

628 3458 798 3549 non
838 3490 929 3553 ut
966 3468 1364 3579 inscium,
1401 3496 1479 3555 et
1520 3467 1951 3579 malignum
1994 3467 2317 3553 irrideat
2349 3468 2491 3551 ho-

629 3595 1108 3719 munculum
1151 3600 1606 3718 quemdam
1626 3628 1714 3683 os
1754 3599 1833 3683 in
1878 3596 2257 3684 coelum
2236 3627 2485 3713 appo-

628 3756 874 3839 nere,
913 3753 994 3819 et
1033 3762 1291 3820 unum
1331 3729 1770 3847 populum,
1810 3727 2195 3845 singulare
2236 3715 2502 3817 decus
