2981 4742
930 179 934 184 “
1757 173 1774 210 0

692 277 865 379 ι84,

618 413 763 498 dos
790 481 813 520 ,
854 442 1111 498 nonne
1154 425 1361 510 mox,
1400 406 1778 494 concluso
1817 405 2162 513 foedere,
2199 407 2457 494 omni·

612 545 761 628 bus
798 546 1025 627 terris
1066 541 1223 624 suis
1264 537 1481 622 velut
1527 538 1776 624 hostes
1817 533 2222 649 prohibuit
2261 535 2326 618 F
2333 534 2446 618 Ιο-

620 674 966 755 reatinos
996 738 1017 773 ,
1060 670 1628 784 vanissimaque
1691 661 1997 777 fingens
2025 683 2071 770 ‚'
2111 686 2194 748 et
2255 661 2441 748 faisa

618 799 1025 886 cavillatus
1066 822 1178 881 est
1210 863 1233 902 ,
1276 825 1415 880 uos
1454 825 1644 880 eum
1711 793 2153 879 decrevisse
2180 856 2205 897 ‚
2243 797 2455 878 miro

619 930 1137 1042 pecuniarum
1180 926 1560 1029 effluvi0‚
1624 924 1727 1006 de
1796 923 2060 1007 medio
2126 919 2454 1029 tollere,

616 1086 1130 1176 quocumque
1174 1053 1413 1138 modo
1453 1050 1632 1136 fieri
1658 1076 1949 1204 pesset,
1991 1049 2210 1168 quod
2257 990 2458 1138 nihii

618 1186 835 1270 aliud
880 1184 1163 1266 inferre
1211 1207 1557 1294 poterat,
1601 1185 1740 1265 nisi
1784 1181 2034 1266 scelus
2059 1174 2302 1296 giadii
2333 1183 2457 1270 vel

624 1316 903 1396 veneni
942 1313 981 1394 i>
1046 1313 1424 1425 Cumque
1520 1333 1778 1394 nostra
1869 1312 2265 1399 sinceritas
2339 1342 2458 1400 te·

614 1440 1100 1554 spondisset,
1178 1437 1329 1523 hoc
1405 1436 1878 1551 impossibile
1944 1442 2170 1526 nobis
2238 1475 2451 1552 esse,

624 1572 765 1654 nisi
811 1594 963 1653 tam
1008 1565 1487 1651 horrendum
1530 1565 1828 1650 facinus
1855 1597 2038 1649 cum
2085 1571 2459 1657 ministris

630 1701 797 1783 suis
862 1697 1322 1782 foedissimis
1384 1720 1947 1816 tractaremus,
1986 1698 2208 1813 quod
2275 1701 2470 1784 stul·

630 1855 855 1932 tum,
908 1850 988 1912 et
1052 1827 1554 1910 temerarium
1621 1823 1823 1908 foret
1885 1825 2157 1944 aliquo
2223 1830 2470 1914 modo

630 1981 929 2040 tentare
957 2022 978 2060 ,
1071 1979 1153 2038 et
1246 1951 1470 2070 quod
1567 1951 1718 2047 hoc
1800 1984 1958 2039 non
2052 1989 2094 2042 a
2195 1961 2474 2068 nobis,

634 2084 761 2168 vel
842 2083 1483 2168 Florentinorum
1564 2074 1883 2196 aliqu0,
1961 2085 2104 2170 sed
2195 2118 2240 2172 a
2317 2091 2479 2174 suis

628 2212 1135 2329 stipatoribus
1228 2209 1683 2294 formidaret
1723 2271 1752 2318 ‚
1839 2241 2309 2323 cognoscens
2398 2248 2478 2302 se

640 2379 795 2433 non
879 2374 1097 2476 posse
1176 2365 1331 2427 tam
1400 2339 1578 2425 falsa
1653 2341 2136 2453 defendere,
2177 2380 2475 2433 novum

638 2458 944 2591 aliquid
990 2503 1141 2555 non
1190 2472 1449 2553 minus
1479 2472 1956 2581 impossibile
1983 2502 2476 2593 commentus

643 2633 783 2715 est3
810 2602 1057 2704 finxit,
1082 2604 1319 2703 enim,
1348 2631 1489 2683 nos
1517 2602 1948 2685 decrevisse
1982 2633 2472 2715 percussores

620 2733 1071 2815 ,immittere
1102 2795 1124 2836 ,
1164 2728 1305 2844 qui
1345 2759 1534 2812 eum
1594 2731 1803 2815 iuxta
1870 2762 2173 2815 morem
2240 2764 2477 2817 suum

642 2862 1040 2974 aucupio..
1118 2858 1246 2943 vel
1325 2859 1871 2943 venationibus
1947 2889 2477 2976 occupatum,

650 2990 907 3104 gladio
936 3054 958 3095 ,
997 2986 1269 3072 iaculis
1295 3053 1320 3095 ‚
1362 3016 1587 3091 arcu,
1633 2986 1756 3068 vel
1800 2988 2070 3073 balista
2135 2986 2472 3076 confice·

648 3142 875 3226 rent,
940 3143 1016 3203 et
1083 3118 1284 3200 intra
1348 3112 1550 3208 fines
1629 3117 2278 3212 custoditissimns
2355 3106 2523 3201 sui'
2593 3140 2598 3143 ’

646 3251 987 3333 nemoris
1031 3248 1459 3330 temeritate
1500 3245 1940 3331 stultissima
1970 3248 2484 3353 trucidarent,
2541 3333 2562 3338 ,,

623 3381 865 3495 qnasi
900 3401 1147 3491 posset
1176 3374 1666 3487 exploratum
1702 3370 1924 3461 nobis
1951 3408 2111 3462 esse
2143 3402 2482 3490 tempus,

650 3532 731 3591 et
766 3506 989 3591 locus
1016 3572 1039 3613 ,
1081 3502 1205 3588 vel
1250 3504 1601 3609 exeuntis
1641 3501 1739 3587 ad
1783 3505 1960 3588 talia
2027 3507 2437 3591 comitatus
2463 3572 2488 3614 ‚

625 3662 784 3723 ‚aut
826 3636 1191 3752 possibile
1240 3635 1465 3719 nobis
1531 3633 1732 3717 foret
1797 3632 2108 3755 aliquos
2147 3638 2488 3751 reperire
