2981 4742
635 542 832 655 agris
862 606 884 646 ,
921 569 1123 657 quos
1164 536 1407 624 nescis
1447 568 1736 656 quanta
1778 537 2138 631 libertate
2211 545 2474 633 swan>

635 695 763 754 tur
791 737 813 779 ,
856 693 1218 784 appetere
1247 736 1269 774 ,
1309 673 1495 785 quia
1536 667 1828 756 snbdi'ti
1872 702 2055 758 sunt
2099 679 2270 761 urbi
2335 713 2471 760 no-

504 895 507 897 ,
631 825 826 882 strae
866 865 889 906 ‚
966 783 1122 884 sub
1199 823 1456 883 vestro
1536 801 1865 886 domino
1943 808 2393 890 servitutem
2438 875 2456 894 .

629 927 921 1035 Abest,
963 953 1037 1013 et
1078 927 1324 1034 absit,
1365 960 1507 1011 oro
1537 996 1559 1036 ‚
1605 955 1861 1014 tantus
1905 933 2121 1016 furor
2150 1003 2172 1043 ,
2218 961 2459 1020 tanta-

573 1129 575 1131 .
633 1089 788 1174 que
803 1057 1223 1142 dementia
1265 1058 1364 1142 ab
1401 1063 1510 1142 eis
1539 1093 1942 1177 ,quorum
2012 1066 2246 1176 gloria
2310 1073 2459 1149 sin-

628 1187 908 1300 gularis
949 1190 1103 1297 sit,
1145 1187 1299 1277 vel
1337 1193 1781 1300 nativitate,
1851 1193 1971 1277 vel
2040 1195 2259 1307 lege,
2335 1199 2453 1278 vel

628 1317 1158 1426 incremento,
1199 1317 1613 1436 donoque
1690 1319 2105 1428 fortunae,
2186 1325 2401 1438 qnod
2444 1361 2475 1426 ‚·

624 1450 1006 1563 quoniam
1074 1453 1314 1552 nostri
1395 1450 1598 1542 sint.
1665 1483 1743 1535 se
1813 1454 2112 1566 possint
2190 1455 2459 1536 dicere

623 1577 1170 1665 FlorentinOS.
1233 1577 1456 1688 Quid
1492 1645 1512 1684 ,
1582 1579 1845 1684 enim,
1914 1603 2026 1662 est
2086 1573 2463 1664 Florentiss

618 1735 813 1790 num
855 1737 1021 1790 esse
1051 1771 1072 1813 ‚
1113 1706 1256 1790 nisi
1301 1731 1451 1791 tam
1498 1731 1823 1816 natura‘,
1862 1739 2099 1824 quam
2145 1710 2310 1820 lege
2355 1715 2459 1793 ci-

615 1861 794 1917 vem
821 1866 982 1919 esse
1008 1834 1550 1941 Romanum,et
1571 1865 1704 1946 per
1732 1867 2220 1954 consequens
2262 1839 2462 1922 libe-

614 1993 797 2048 rum
824 2032 847 2074 ,
887 1989 964 2050 et
1006 1996 1166 2051 non
1207 1967 1579 2049 servum?
1617 1967 2039 2076 Proprium
2095 1969 2303 2050 enim
2348 1994 2459 2054 est

609 2089 1006 2179 Romanae
1066 2087 1450 2198 nationis,
1494 2117 1568 2176 et
1610 2098 1998 2204 sanguinis
2029 2161 2049 2200 ‚
2092 2095 2456 2180 divinita-

613 2221 708 2307 tis
750 2253 1038 2310 munus
1067 2291 1090 2333 ,
1130 2219 1361 2340 quod
1403 2224 1748 2308 libertas
1792 2223 2113 2330 dicitur,
2140 2248 2217 2307 et
2258 2225 2459 2308 adeo

599 2353 1018 2467 'proprium
1048 2421 1071 2463 ,
1111 2351 1340 2471 quod
1383 2353 1527 2470 qui
1598 2351 1911 2435 desierit
1978 2384 2139 2436 esse
2207 2351 2405 2437 liber
2436 2424 2459 2462 ,

605 2510 751 2567 nec
790 2485 1190 2569 Romanus
1254 2485 1498 2590 civis,
1564 2514 1709 2569 nec
1773 2484 2003 2566 etiam
2072 2484 2483 2583 ,Florenti--

607 2640 762 2727 uns
792 2612 1351 2699 rationabiliter
1377 2612 1536 2699 diei
1569 2613 1832 2727 possit,
1870 2612 2089 2725 quod
2122 2614 2459 2719 donum,
2540 2608 2547 2613 ’

603 2771 909 2857 quaeve
958 2739 1304 2853 gloriosa
1347 2743 1675 2825 nomina·
1726 2742 1913 2856 quis
1982 2738 2165 2824 velit
2232 2746 2455 2829 amit-

509 2930 516 2936 «
611 2894 776 2954 tere
808 2937 830 2976 ,
872 2872 1020 2953 nisi
1062 2871 1202 2986 qui
1247 2870 1438 2955 nihil
1496 2894 1713 2956 curat
1756 2870 1857 2953 de
1900 2868 2152 2954 libero
2195 2894 2457 2957 servus

615 3000 837 3083 esse?
880 2998 1249 3105 Desinas,
1291 3000 1564 3111 igitur,
1606 2999 1958 3083 divinare
2000 3024 2155 3083 tam
2199 2996 2461 3109 stulta,

601 3158 804 3245 quae
847 3159 990 3213 nec
1033 3154 1253 3251 potes
1293 3130 1395 3212 de
1443 3129 1832 3249 praeteriti
1875 3130 2165 3211 ratione
2207 3135 2453 3240 perci-

475 3304 477 3307 <
599 3288 840 3374 pere,
881 3270 1023 3346 n'ec
1066 3258 1285 3379 vides
1311 3264 1535 3346 iuxta
1580 3259 1993 3343 blanditias
2039 3282 2235 3364 tuaS,
2276 3260 2453 3343 licet

597 3411 914 3502 tempus
939 3388 1223 3473 illud
1203 3420 1354 3476 lam
1399 3390 1632 3501 longe
1677 3390 2114 3493 transierit,
2156 3392 2442 3471 evenis·

595 3548 724 3605 se.
769 3518 940 3606 Nec
1008 3520 1170 3605 seio
1227 3550 1465 3637 quam
1540 3518 2043 3629 probabiliter
2110 3516 2453 3621 d1xcrls
2478 3510 2483 3517 ’

591 3649 907 3767 tyranni
947 3644 1296 3735 crudelis
1339 3651 1823 3755 exercitum,
1892 3648 2267 3732 libertatis
2334 3680 2444 3729 as·

589 3784 1012 3890 sertorem,
1051 3802 1128 3863 et
1171 3778 1397 3893 quod
1421 3776 1744 3864 subditi
1784 3778 2118 3864 debeant
2164 3778 2443 3883 nostri,
