2981 4742
693 436 699 441 ·
734 400 836 490 18

663 525 878 633 blica*
905 542 1040 631 tali
1105 539 1295 626 vitio
1334 529 1765 620 criminosi.
1806 528 2049 636 Beue,
2090 560 2316 642 ergo,
2345 534 2487 618 tibi

655 677 815 762 iam
853 699 972 760 est
1007 669 1111 756 de
1149 667 1390 754 totius
1431 687 1589 748 tam
1650 657 2049 745 ‘elaborate
2114 659 2489 750 dictionis

657 805 1024 911 introitu,
1073 829 1262 886 cum
1325 792 1456 880 illa
1519 785 1943 904 sumpseris
2017 792 2101 874 in
2182 823 2495 904 unum,

653 964 856 1060 quae
896 929 1198 1020 cunctis
1231 923 1660 1012 convenire
1726 919 2021 1034 possint
2058 983 2083 1028 ‚
2123 919 2487 1070 quaeque

651 1059 1103 1150 communia
1129 1058 1285 1139 sint
1311 1076 1472 1137 tam
1499 1049 1924 1154 accusatori
1934 1077 2223 1200 ,quam
2254 1052 2489 1136 etiam

650 1201 1054 1294 accusato,
1092 1181 1362 1270 saltem
1392 1177 1653 1264 verbis
1680 1179 2161 1290 paucissimis
2202 1181 2495 1266 immu-

637 1317 827 1434 tatis
855 1382 878 1423 ,
929 1340 1113 1400 cum
1158 1334 1236 1394 te
1277 1307 1562 1395 faciens
1613 1308 2001 1410 accusatis·
2040 1308 2491 1420 inimicum,

647 1423 898 1562 fidem
939 1439 1212 1568 perdas
1243 1507 1267 1547 ‚
1322 1463 1402 1523 et
1480 1435 1689 1546 illos,
1759 1467 1960 1556 quos
2014 1437 2437 1556 alloqueris
2468 1510 2492 1550 ‚

605 1563 610 1576 ¹
651 1599 792 1662 aut
830 1574 1136 1657 insanos
1175 1591 1520 1684 reputes,
1556 1590 1689 1652 aut
1716 1565 1969 1652 facere
2009 1571 2311 1654 coneris
2349 1572 2495 1654 ini-

647 1736 901 1862 quos,
938 1703 1170 1816 Quae
1201 1721 1623 1854 ’quantum
1681 1698 2058 1791 oratoriae
2112 1696 2495 1785 facultatis

642 1839 850 1944 siut,
915 1833 1113 1941 tibi,
1159 1831 1228 1914 si
1281 1827 1539 1915 forsan
1593 1825 1783 1910 haec
1836 1849 2099 1911 nostra
2152 1826 2495 1938 videris,

644 1964 1072 2084 relinqu0,
1111 1959 1634 2073 cunctisque,
1674 1955 1818 2072 qui
1860 1977 2115 2040 nostra
2158 1953 2343 2040 haec
2385 1955 2495 2040 le-

621 2095 946 2244 geciut,
987 2089 1259 2178 tribuo
1298 2083 1881 2170 iudicandum.
1923 2080 2079 2170 Sed
2148 2084 2301 2168 iam
2369 2084 2490 2168 ul-

642 2221 888 2309 terius
957 2213 1476 2334 procedamus
1507 2281 1531 2314 ,
1601 2209 2227 2328 videamusque,
2291 2213 2495 2328 quid
2534 2273 2537 2281 ·

639 2376 824 2471 post
865 2349 1058 2437 haee
1097 2367 1275 2433 vota
1315 2366 1513 2485 tua,
1553 2345 1719 2429 sive
1786 2339 2245 2449 maledicta,
2310 2341 2496 2427 sub.-

642 2507 955 2572 nectas
1010 2483 1016 2495 '
1115 2493 1120 2501 '

759 2614 908 2701 Sic
945 2606 1110 2697 erit
1141 2604 1521 2721 pre->fliete
1546 2665 1573 2708 ,
1611 2628 1782 2683 non
1786 2602 2081 2710 fallor
2103 2641 2131 2685 .·
2186 2598 2493 2686 adven·
2609 2610 2618 2621 “

643 2726 834 2826 tant
849 2728 1467 2843 tempora,sata
1508 2746 1703 2813 sunt
1732 2760 2016 2839 prope,
2026 2730 2279 2843 pleno
2304 2762 2491 2815 cur·
2520 2796 2526 2801 .

641 2898 743 2955 su
761 2864 1400 2990 appropinquat
1452 2852 1605 2941 diu
1656 2872 2061 2971 exoptata
2120 2860 2493 2943 mortali-
2636 2874 2641 2881 “

639 3002 790 3121 bus
817 2996 1070 3079 ruina
1097 3006 1416 3076 vestrae
1455 2986 1917 3097 superbiae.
1958 2973 2489 3095 Videbimus,

639 3156 826 3212 ecee
829 3092 1309 3208 videbimus
1349 3114 1591 3202 illam
1634 3133 1996 3201 vestram
2061 3118 2171 3198 in
2194 3114 2490 3200 defen-

514 3302 521 3311 ·
632 3244 920 3341 denda
961 3240 1332 3365 quadam
1341 3240 1868 3354 foedissima
1910 3243 2325 3353 libertate,
2361 3243 2495 3328 vel
2618 3266 2630 3273 ·

627 3386 914 3500 potius
941 3371 1528 3461 crudelissima
1568 3362 2039 3497 tyrannide
2091 3378 2487 3458 constan-

627 3517 889 3617 tiam,
919 3498 1692 3619 fortitudinemque
1730 3500 2279 3607 Romanam5
2300 3485 2479 3607 hoc,

633 3646 886 3747 enim,
927 3640 1280 3723 nomine
1293 3638 1717 3743 superbire
1742 3632 2053 3740 soletis,
2070 3646 2153 3716 et
2182 3660 2315 3719 vos
2340 3655 2483 3744 ge·
2544 3632 2551 3639 ’

631 3778 789 3862 nus
826 3762 1340 3885 ‘praedicare
1377 3764 1863 3855 Romanum
1890 3829 1913 3872 ‚
1955 3760 2201 3879 quod·
2230 3786 2487 3881 quam
