2981 4742
2173 285 2275 372 15

441 438 794 528 Italiae
827 437 896 522 F
899 435 1325 522 lorentiuos
1364 461 1622 521 vocas.
1653 431 2318 532 Perditissimos‚

486 571 803 686 inquis,
843 576 1091 654 ciues.
1135 569 1215 654 Si
1261 588 1597 653 cunctos
1635 564 2139 650 Florentinos
2209 563 2331 645 in·

479 727 747 811 crepas
773 764 798 805 ‚
838 696 1340 780 falsissimum
1380 718 1500 788 est
1537 690 1763 810 quod
1824 691 2073 804 dicis3
2139 689 2329 776 lieet

481 830 696 912 enim
737 826 1144 942 aliquibus
1186 825 1336 915 hoe
1378 857 1672 934 nomen
1716 801 1921 913 forte
1959 821 2329 911 eonveni-

475 986 561 1041 re
605 957 900 1070 possit,
941 961 1080 1073 qui
1123 989 1259 1044 sua
1303 955 1739 1072 prodigam,
1781 952 1983 1040 male
2029 955 2316 1059 vivam,

467 1090 968 1201 etpravitate
1013 1118 1384 1196 morum,
1445 1118 1537 1175 ac
1602 1083 2031 1171 sceleribus
2096 1081 2318 1164 dele-

471 1213 834 1370 ‹Jf'entur3
872 1220 1036 1300 sine
1103 1218 1681 1334 comparatione
1750 1243 2010 1300 tamen
2083 1215 2312 1323 longe

477 1347 738 1459 piures
777 1375 960 1432 sunt
991 1417 1014 1452 ‚
1053 1380 1256 1466 quos
1302 1350 1647 1460 perditos
1678 1416 1698 1453 ,
1738 1351 1798 1430 si
1856 1377 2033 1430 vera
2090 1344 2317 1458 loqui

482 1479 716 1580 velis,
761 1512 1098 1596 nequeus
1137 1480 1569 1591 appellat-133
1610 1476 2061 1593 multosque
2088 1500 2175 1558 tu
2210 1502 2321 1558 te-

481 1635 643 1690 met
688 1605 1070 1712 fatebere,
1121 1611 1262 1723 qui
1336 1611 1627 1724 possint
1660 1675 1683 1708 ,
1739 1613 1903 1692 imo
1967 1607 2310 1691 debeant

481 1765 636 1818 non
690 1737 1027 1848 perditi,
1073 1737 1213 1820 sed
1262 1738 1445 1821 boni
1489 1739 1702 1820 cives
1769 1739 2133 1822 omnium
2200 1741 2319 1818 iu-

467 1865 680 1948 dicio
724 1867 1092 1954 vocitari.
1135 1866 1298 1958 Sed
1357 1859 1561 1953 hosti
1616 1894 1882 1952 nostro
1923 1899 2079 1952 non
2124 1899 2311 1951 con·

461 1999 666 2108 gruit
710 1996 858 2082 boc
899 1998 1264 2117 querelae
1308 2031 1597 2113 genus3
1636 2024 1992 2084 nostrum
2026 2021 2141 2082 est
2172 1999 2313 2111 ista

464 2130 844 2243 conqueri
879 2175 912 2234 ,·
974 2128 1096 2212 vel
1165 2129 1434 2214 dolere
1465 2197 1488 2238 ‚
1557 2159 1905 2251 quorum
1982 2128 2302 2210 interest

449 2256 670 2366 ‘cives
713 2265 870 2338 non'
916 2257 1272 2367 perditos·
1303 2261 1587 2342 habere
1620 2325 1642 2365 ‚
1682 2257 1824 2342 sed
1868 2255 2097 2342 utiles
2122 2323 2144 2362 ‚
2172 2255 2313 2340 sed

432 2380 714 2467 ‘bonos
741 2450 766 2489 ‚
807 2388 942 2469 se‘d
987 2388 1211 2494 talem,
1250 2393 1546 2506 quibus
1590 2394 1829 2505 possit
1869 2386 2309 2501 respublica

455 2542 540 2595 se
609 2515 876 2624 iuvare
908 2578 929 2599 .
969 2515 1394 2635 Relinquas
1423 2590 1444 2629 ‚
1477 2526 1728 2634 ‘igitur
1757 2587 1779 2629 ,
1817 2520 1967 2605 hoc
2034 2520 2259 2604 nobis
2287 2587 2311 2628 ‚
2402 2574 2406 2579 -

453 2639 850 2763 relinquas
887 2671 964 2733 et
1004 2646 1090 2728 id
1120 2716 1143 2755 ‚
1211 2652 1435 2767 quod
1466 2712 1475 2723 -
1510 2654 1877 2769 sequitur
1904 2719 1929 2761 ,
1960 2656 2301 2767 patriae

453 2795 943 2865 vastatores.
987 2780 1261 2892 Quid,
1301 2781 1517 2865 euim
1548 2848 1571 2889 ‚
1611 2782 1829 2867 aliud
1870 2806 1987 2867 est
2054 2805 2299 2865 vasta-

431 2896 529 2985 ’τε
569 2909 954 3019 patriam,
993 2943 1235 3029 quam
1284 2915 1610 3025 patriam
1654 2915 2116 3020 exhaurire,
2154 2932 2287 3017 ut,

443 3032 507 3115 si
547 3035 650 3117 de
695 3040 934 3149 patria
976 3069 1232 3127 nostra
1273 3034 1603 3149 sentias,
1644 3044 2085 3159 optandum
2150 3041 2301 3125 boc

447 3192 611 3247 esse
653 3168 792 3251 tibi
859 3171 1133 3257 deceat
1163 3239 1185 3280 ,
1229 3204 1387 3257 non
1443 3172 1926 3262 dolendum.
1966 3176 2050 3261 Si
2105 3201 2299 3257 vero

447 3294 551 3377 de
591 3296 956 3410 Liguria,
995 3302 1414 3414 Flaminia,
1458 3310 2004 3421 Venetiaque,
2044 3303 2299 3390 domi-

449 3425 529 3506 ni
596 3430 708 3511 tui
780 3432 1058 3541 pressis
1096 3437 1321 3547 iugo,
1365 3440 1620 3542 forsan
1664 3438 2027 3549 intelligis
2058 3500 2108 3537 ,-
2146 3436 2293 3521 do·

447 3547 602 3636 less
628 3619 652 3665 ,
691 3557 1056 3670 obsecm,
1098 3594 1252 3648 non
1323 3569 1847 3681 reprehendas
1875 3634 1898 3675 ‚
1938 3590 2288 3681 optoque

445 3683 584 3766 tibi
615 3752 638 3790 ,
709 3689 1022 3806 tuisque
1089 3696 1439 3807 panibus
1507 3698 1693 3791 tales
1748 3698 2087 3784 hostium
2154 3719 2285 3806 pa-
