2981 4742
703 298 867 384 166
926 328 933 334 ·

632 459 759 521 tur
804 437 1044 523 fuisse
1088 437 1441 527 victores.
1474 439 1680 526 Nam
1721 465 1806 528 et,
1842 443 2260 561 utriusque·
2297 475 2480 558 gen·

634 573 729 654 tis
794 571 1185 683 ingentem
1251 571 1489 656 fuisse
1559 573 1990 686 potentiam
2073 577 2290 680 testis
2367 599 2486 658 est

631 701 939 786 Plinius
965 769 988 810 ‚
1026 703 1169 821 qui
1236 703 1462 786 tertio
1531 733 1626 788 ex
1691 701 2061 786 naturalis
2131 701 2490 785 historiae

636 829 850 915 libris
894 832 1155 938 refert,
1198 835 1565 918 nunciato
1605 833 1915 940 Gallico
1953 831 2331 934 tumultu,
2369 864 2490 914 so·

636 957 793 1043 lam
835 963 1135 1048 ltaliam
1169 966 1411 1076 ‚etiam
1451 967 1620 1048 sine
1661 963 2263 1076 Transpadanis,
2293 961 2494 1044 idest

634 1093 1331 1202 Foroliviensibus,
1375 1120 1463 1178 ut
1506 1095 1842 1180 externis
1884 1095 2494 1194 auxiliis‚arma-

640 1226 832 1306 visse
869 1227 1230 1341 equitum
1282 1227 1734 1337 'octingenta
1783 1223 2022 1308 millia
2053 1290 2076 1326 ‚
2133 1221 2490 1336 peditum

638 1354 1118 1466 septingenta
1162 1351 1399 1438 millia
1430 1420 1453 1462 ‚
1493 1383 1646 1468 qua
1717 1350 2200 1438 incredibilis
2272 1381 2502 1472 appa·

641 1506 852 1565 ratus
926 1481 1461 1594 magnitudine
1528 1483 1709 1567 licet
1776 1481 2195 1572 Gallorum
2259 1485 2488 1564 etiam

640 1611 1064 1721 potentiam
1105 1611 1507 1696 aestimare
1537 1678 1556 1697 .
1599 1610 1712 1696 Et
1750 1643 1933 1698 cum
1968 1635 2346 1696 terrarum
2377 1639 2504 1690 or-

640 1731 762 1822 bis
801 1740 892 1837 in,
924 1741 1463 1850 Romanorum
1507 1740 2029 1824 monarchiam
2071 1736 2322 1842 cessit,
2360 1768 2497 1819 au-
2619 1809 2642 1830 ,

648 1889 865 1949 ctore
906 1866 1328 1982 imperial-is
1371 1868 1854 1981 principatus
1897 1865 2224 1952 Caesare
2253 1929 2275 1968 ,
2315 1889 2489 1976 post

514 1994 539 2004 “
660 2023 989 2080 omnem
1081 1996 1381 2080 Italiam
1412 2063 1436 2104 ,
1510 1993 1856 2080 Africam
1886 2063 1909 2104 ,
1985 1993 2440 2107 Hispaniam
2471 2059 2498 2100 ,

650 2124 1231 2245 Graeciamque
1255 2193 1280 2236 ,
1318 2125 1693 2211 Iudaeam
1723 2192 1746 2232 ‚
1789 2151 1868 2210 et
1906 2123 2083 2208 alias
2123 2121 2500 2236 plurimas

651 2253 1001 2340 Orientis
1078 2278 1341 2370 gentes
1368 2320 1391 2361 ‚
1457 2255 1539 2338 in
1609 2255 2037 2340 Romanam
2107 2278 2505 2337 venerunt

648 2380 1209 2499 Transalpinae
1274 2384 1598 2474 Galliae,
1645 2382 2077 2469 ditionem.
2131 2382 2315 2469 Non
2387 2383 2507 2466 di·

652 2545 819 2620 cae,
860 2515 1095 2627 igitur
1122 2580 1147 2623 ,
1184 2518 1290 2601 ita
1334 2548 1471 2601 vos
1517 2540 1818 2631 paratos
1845 2512 2098 2601 Gallis
2121 2514 2502 2619 resistere,

652 2643 881 2759 qnod
919 2643 1352 2757 intelligant
1380 2712 1403 2753 ,
1446 2669 1535 2730 ut
1577 2647 1699 2729 sui
1739 2646 2066 2729 maiores
2093 2710 2114 2747 ‚
2185 2642 2507 2755 perfaci-

653 2772 731 2855 le
782 2772 1035 2859 Gallis
1102 2774 1399 2877 Italiam
1468 2797 1786 2889 petere,
1831 2768 2182 2881 'victores
2251 2772 2509 2855 redire

652 2898 1001 2989 difficile.
1032 2900 1446 2989 Venerun‘t
1488 2900 1941 3022 aliquando,
1971 2905 2510 3016 viceruntque3
2580 2938 2584 2941 ’

660 3052 739 3113 et
780 3028 1041 3114 Italiae
1086 3057 1383 3145 partem
1428 3066 1587 3117 non
1630 3065 1709 3119 re
1749 3031 2008 3121 solum
2035 3100 2058 3141 ,
2099 3032 2236 3117 sed
2277 3032 2509 3115 etiam

657 3159 978 3242 nomine
1017 3192 1234 3245 suam
1278 3163 1686 3252 fecerunt.
1754 3162 1968 3251 Galli
2039 3194 2226 3247 vero
2291 3164 2402 3253 sic
2465 3194 2509 3246 a

662 3288 1036 3409 Romanis
1080 3291 1268 3398 victi
1308 3318 1496 3378 sunt
1525 3360 1548 3401 ,
1587 3284 1810 3409 quod
1856 3293 2037 3377 licet
2103 3324 2256 3375 non
2324 3292 2518 3375 ami-

662 3420 904 3505 serint
945 3417 1248 3506 Galliae
1293 3454 1582 3507 nomen
1614 3490 1636 3529 ,
1682 3424 1874 3508 nihil
1918 3448 2175 3509 tamen
2219 3420 2514 3508 Gallia-

658 3579 845 3654 rum
888 3552 1339 3637 remanserit
1374 3576 1397 3659 ‚·
1468 3550 1692 3667 quod
1763 3555 2062 3638 victum
2092 3619 2117 3659 ‚
2155 3549 2518 3667 profliga-

624 3704 995 3799 -tumque
1036 3714 1197 3771 non
1238 3681 1507 3793 suerit,
1534 3684 1686 3771 sub
1725 3686 2310 3801 imperiumque
2352 3712 2548 3769 non·
