2981 4742
724 320 887 425 144

654 463 1211 579 prodigalitatis
1251 465 1471 553 facile
1508 462 1838 552 trahitur
1877 462 1974 551 ad
2017 490 2486 556 extremum.

652 591 789 679 Sic
828 618 916 681 tu
959 594 1231 682 frontis
1271 596 1760 705 hilaritatem,
1789 595 2151 683 laetitiam
2194 601 2480 706 cordis,

658 743 740 807 et
781 723 1351 814 iucunditatem
1396 728 1676 813 mentis
1705 794 1729 831 ,
1768 724 2165 814 levitatem
2207 760 2488 840 vocas,

652 880 855 969 qnae
889 853 1217 942 deberes
1246 853 1636 971 appellare
1670 859 2068 945 virtutem.
2083 859 2490 945 Tumidos¹

654 1006 921 1070 antem
951 1052 977 1096 ,
1046 984 1288 1073 elatos
1343 1054 1368 1095 ,
1444 1012 1680 1105 atque
1755 988 2138 1101 superbos
2216 987 2416 1074 dicis
2443 1058 2472 1099 ,

656 1111 882 1229 quod
944 1114 1185 1203 animi
1224 1119 1379 1203 sint
1426 1115 1562 1203 alti
1589 1184 1614 1225 ,
1677 1116 1902 1236 quod
1965 1117 2434 1231 indignantis
2461 1187 2488 1230 ,

647 1245 1013 1361 quamvis
1041 1278 1198 1333 non
1222 1248 1387 1333 sine
1417 1248 1739 1357 ratione,
1767 1268 2110 1335 naturae.
2137 1250 2381 1335 Potes
2401 1248 2483 1334 in

650 1366 845 1459 haec
880 1371 1240 1463 facillima
1278 1375 1849 1464 declamatione
1902 1378 2224 1464 transire
2251 1440 2274 1466 .
2328 1378 2532 1465 Sed·

645 1492 780 1587 illa
820 1528 1137 1593 naturae
1178 1506 1476 1594 bonitas
1515 1509 1772 1593 innata
1811 1505 2101 1616 Gallis,
2140 1506 2492 1619 benigni-

648 1652 766 1753 tas
790 1698 817 1743 ,
878 1632 1539 1757 humanitasque,
1599 1638 1896 1753 cogunt
1957 1665 2230 1723 omnes
2289 1637 2423 1722 illa
2458 1704 2485 1747 ,

640 1790 851 1881 qnae
888 1765 1160 1853 vitiosa
1204 1766 1581 1853 videntur
1619 1766 1703 1851 in
1743 1766 1906 1874 eis,
1957 1790 2181 1852 veras
2238 1763 2483 1851 virtu-

636 1911 755 1979 tes
792 1922 952 1981 non
995 1897 1180 1983 vitia
1223 1920 1585 2012 reputare
1611 1960 1633 1985 .
1673 1893 1928 2013 Quod
1965 1918 2226 1981 autem
2268 1908 2496 1979 men-'

640 2018 1059 2111 dacissi'me
1098 2024 1326 2141 fingis
1353 2094 1378 2135 ,
1420 2058 1558 2113 nos
1596 2028 1802 2144 ipsos
1853 2024 2306 2135 adhortari,
2347 2053 2480 2111 ve·

634 2150 842 2241 nisse
879 2177 1195 2273 tempus
1224 2222 1247 2263 ,
1286 2182 1367 2242 et
1408 2181 1753 2269 apertam
1791 2158 2278 2244 occasionem
2321 2186 2486 2242 non

516 2322 519 2331 ·
642 2280 905 2370 nolum
933 2284 1193 2374 Italiae
1221 2288 1680 2404 capiundae,
1705 2284 1844 2374 sed
1870 2285 1972 2373 ad
2001 2314 2276 2371 manus
2312 2316 2488 2371 snas

636 2409 949 2530 imperii
976 2415 1718 2527 transferendi,forto
1749 2415 2164 2504 verisimile
2192 2415 2481 2504 tibi-vi-

636 2541 1706 2668 deripotest,quisecnndum
1727 2546 2097 2635 stultitiae
2127 2571 2307 2632 tuae
2336 2577 2484 2631 nu-

638 2669 1047 2794 tuqunid
1065 2676 1321 2764 dicam
1331 2676 1810 2796 us,quidque
1828 2706 2010 2792 gens
2028 2672 2152 2760 illa
2170 2703 2451 2799 respon
2468 2723 2487 2742 ι

634 2796 817 2890 deat
842 2868 868 2912 ,
906 2806 1128 2922 qnasi
1166 2803 1712 2892 mandatorum
1755 2831 2203 2890 nostrorum
2230 2805 2484 2914 testis,

636 2954 721 3019 et
757 2961 1066 3045 eorum,
1131 2965 1339 3054 quae
1367 2958 1736 3050 gerantur
1773 2935 1854 3022 in
1896 2935 2254 3045 Francia,
2292 2960 2480 3020 con-

631 3060 845 3152 scius
869 3129 896 3174 ,
933 3065 1349 3152 vanissima
1389 3064 1768 3154 relatione
1823 3063 2180 3181 designas
2205 3132 2230 3176 ,
2267 3096 2476 3187 qnae

633 3221 833 3280 num
875 3221 1061 3281 vera
1094 3195 1254 3282 sint
1284 3261 1309 3306 ,
1350 3194 1538 3285 nolo
1576 3194 1800 3314 quod
1839 3195 2038 3282 alius
2075 3227 2313 3314 quam
2381 3219 2474 3282 tn

630 3321 805 3438 ipse
843 3323 1338 3440 respondeas.
1376 3326 1626 3434 Dicis,
1662 3327 1915 3435 enim,
1951 3326 2183 3410 sicuti
2225 3324 2475 3411 mirus

626 3475 913 3563 orator,
937 3452 1079 3570 qui
1112 3451 1531 3567 diligenter
1557 3478 1855 3540 narrata
1882 3484 2066 3540 mox
2091 3453 2473 3563 destruat,

634 3600 715 3664 et
752 3609 1061 3668 cansam
1100 3581 1343 3671 dedat
1378 3615 1602 3670 suam
1629 3650 1652 3673 .
1691 3583 1963 3703 Itaque
2004 3583 2300 3700 quibus
2339 3613 2473 3696 pa·

624 3733 809 3795 rum
848 3734 965 3800 est
1002 3713 1220 3828 spei,
1257 3745 1638 3832 parumve
1679 3711 1982 3804 consilii
2045 3711 2147 3802 ad
2210 3709 2472 3800 solum
