2981 4742
494 499 672 568 nem
712 469 1086 569 libertatis
1129 477 1468 568 adsciti?
1506 475 1725 566 Num
1764 477 2039 592 iugum
2079 475 2333 562 'excu-

489 631 650 693 tere
690 612 1025 725 cupiunt
1052 677 1078 718 ,
1114 607 1337 726 quod
1379 637 1541 692 nou
1577 604 1866 689 habent
1895 671 1918 710 ,
1956 603 2085 690 vel
2152 602 2334 688 dul-

495 767 584 822 ce
626 738 996 828 libertatis
1037 741 1384 845 frenum,
1412 734 1641 852 quod
1678 756 1793 818 est
1829 735 2001 820 inre
2044 737 2335 842 vivere,

487 866 990 988 legibusque,
1029 869 1320 986 quibus
1358 895 1635 951 omnes
1670 864 2111 970 subiacent,
2146 865 2335 948 obe·

491 995 702 1105 dire,
743 999 1190 1084 desiderant
1231 999 1312 1080 in
1353 995 1861 1108 tyrannicum
1889 987 2200 1078 domini
2229 993 2349 1078 tui

437 1201 442 1210 .
492 1127 772 1236 iugum
801 1195 823 1236 ,
871 1151 962 1212 ut
999 1127 1356 1218 arbitrari
1400 1147 1475 1209 te
1514 1123 1877 1232 simulas,
1906 1144 2349 1209 commuta-

491 1258 632 1338 re?
669 1258 974 1342 Desino
1045 1287 1254 1340 nnnc
1319 1256 1635 1363 mirari,
1674 1252 1897 1376 qnod
1936 1249 2341 1338 multoties

497 1413 812 1470 summo
850 1417 1039 1472 cum
1103 1410 1422 1501 stupore
1485 1415 1802 1494 mecum
1862 1405 2349 1504 conquestus

498 1541 678 1595 sum
706 1577 726 1600 .
768 1515 1376 1632 Conquerebar,
1414 1515 1665 1622 enim,
1704 1537 1821 1599 tot
1860 1537 2127 1626 gentes
2158 1579 2183 1620 ‚
2224 1535 2343 1598 tot

498 1640 740 1725 urbes
768 1707 790 1747 ,
831 1665 947 1728 tot
978 1643 1307 1759 oppida,
1344 1668 1543 1762 quot
1583 1643 1892 1730 domini
1921 1643 2038 1728 tui
2067 1643 2349 1756 iugum

497 1774 834 1882 premit,
873 1803 1136 1858 saevae
1177 1778 1408 1860 nimis
1450 1771 1853 1887 tyrannidi
1889 1771 2347 1883 subiacere;

511 1900 1008 2020 mirabarque
1079 1904 1304 2020 qnod
1368 1901 1677 1990 infinita
1743 1903 1899 1988 Dei
1965 1899 2348 2012 dignitas,

509 2024 634 2109 vel
674 2021 1106 2140 benignitas
1147 2031 1298 2118 hoc
1336 2054 1496 2116 tam
1534 2030 1773 2146 longo
1811 2056 2169 2144 tempore
2238 2054 2357 2114 to·-

499 2149 805 2244 leraret.
847 2157 1009 2244 Sed
1047 2188 1145 2273 eg
1185 2183 1260 2246 te
1301 2159 1591 2274 video,
1626 2160 1983 2278 mihique
2024 2157 2359 2246 firmiter

501 2287 894 2396 persuasi,
974 2314 1114 2373 vos
1191 2287 1390 2373 adeo
1466 2289 1846 2376 servitute
1926 2284 2358 2390 delectari,

499 2412 728 2530 quod
769 2444 930 2501 non
967 2421 1292 2529 possetis
1327 2419 1498 2505 sine
1524 2414 1853 2535 domino
1881 2418 2179 2523 vivere,
2206 2437 2363 2503 nec·

494 2544 796 2630 sciretis
863 2549 946 2631 in
1011 2545 1389 2633 libertatis
1455 2546 1854 2633 licentiosa
1918 2543 2347 2631 dulcedine

491 2658 984 2787 permanere3
1022 2672 1326 2788 legibus
1365 2674 1727 2793 obsequi,
1766 2705 1967 2791 quae
2006 2696 2349 2761 cunctos

492 2802 973 2920 aequalitatis
1007 2804 1430 2890 iustissima
1497 2804 1789 2891 ratione
1854 2803 2339 2919 respiciunt,

491 2958 722 3041 grave
797 2932 1018 3017 vobis
1058 2935 1334 3045 iugum
1365 2998 1387 3038 ,
1427 2955 1511 3018 et
1549 2930 1939 3018 horrenda
1994 2932 2338 3019 servitus

493 3082 662 3169 est3
701 3056 1026 3147 obedire
1068 3090 1253 3147 vero
1295 3088 1658 3177 tyranno,
1684 3062 1827 3179 qui
1867 3085 2148 3149 cuncta
2192 3091 2346 3175 pro

493 3218 677 3273 suae
717 3188 1142 3295 voluntatis
1181 3190 1639 3277 moderatur
1706 3190 2034 3280 arbitrio
2064 3256 2089 3300 ‚
2127 3220 2346 3275 snm·

497 3348 622 3403 ma
651 3319 874 3403 vobis
915 3345 1032 3405 est
1072 3319 1386 3407 libertas
1415 3387 1440 3429 ,
1479 3345 1560 3406 et
1602 3318 2194 3407 inaestimabilis
2227 3318 2345 3405 di-

489 3448 752 3557 gnitas3
777 3471 858 3531 et
895 3446 1002 3533 ob
1037 3448 1120 3534 id
1164 3472 1390 3564 putas
1427 3448 1643 3536 illam
1682 3445 1972 3564 Populi
2014 3446 2081 3530 F
2084 3443 2340 3532 loren-

489 3577 634 3661 tini
673 3600 967 3690 partem
995 3634 1022 3687 ,-
1086 3610 1288 3698 quae
1353 3577 1572 3693 degit
1638 3598 1848 3665 extra
1890 3597 2195 3661 nostrae
2240 3576 2349 3660 ci-

491 3705 747 3797 vitatis
813 3711 1174 3822 moenia,
1213 3706 1342 3798 vel
1381 3708 1468 3793 in
1508 3704 2018 3825 municipiis,
2070 3696 2201 3791 vel
2265 3702 2353 3789 in
