2981 4742
522 492 899 585 dominus
938 518 1123 585 tuus
1158 496 1471 591 finxerit
1511 500 1682 593 ilios
1719 506 2094 597 carituros
2119 506 2360 599 fuisse

520 624 779 738 helio,
818 630 1087 726 niteris
1120 630 1697 725 demonstrare.
1741 638 1926 726 Sed·
1963 641 2116 725 iam
2185 666 2362 725 tuus

524 755 851 873 ineptias
888 758 1407 852 dimittamus.
1472 766 1723 877 Quod
1787 790 2046 853 autem
2113 767 2310 853 dicis
2337 837 2364 878 ,

526 886 1051 978 Bononienses
1091 924 1381 981 novem
1425 896 1642 981 annis
1682 897 2094 985 nobiscum
2121 897 2362 984 fuisse

526 1015 849 1105 foedere
888 1025 1255 1134 sociatos,
1292 1023 1494 1110 forte
1535 1036 1692 1109 n'on
1739 1025 2002 1139 plnres
2044 1051 2364 1139 propter

525 1141 857 1236 estatem
936 1151 1409 1241 recordaris.
1486 1154 1644 1241 Sed
1710 1153 2152 1267 longaevior
2213 1154 2366 1239 fuit

528 1275 675 1363 ista
715 1279 1208 1391 coniunctio,
1269 1304 1474 1401 quae
1527 1281 1892 1368 videlicet
1941 1282 2369 1396 incoeperit

526 1403 955 1526 plusquam
996 1410 1267 1523 viginti
1306 1443 1441 1497 sex
1478 1414 1700 1496 annis
1737 1434 1916 1497 ente
1953 1411 2370 1525 maximam

526 1534 1139 1625 Bononiensium
1164 1541 1439 1655 capitis
1474 1539 2080 1625 diminutionem
2109 1602 2133 1645 ‚
2171 1568 2376 1654 quse

286 1734 301 1747 .
436 1667 907 1787 ..gservitute
946 1668 1468 1783 contrahitur,
1508 1692 1587 1755 et
1614 1669 1694 1753 in
1723 1698 1960 1783 quam
1989 1667 2378 1753 intestinis

413 1838 418 1842 ·
536 1786 1063 1881 seditionibus
1088 1862 1113 1904 ,
1149 1796 1891 1915 quorumdamque,
1929 1780 2224 1911 quibus
2249 1824 2382 1909 pa·

433 1987 440 1994 -
526 1925 687 2011 tria
728 1923 1019 2011 venalis
1057 1924 1248 2033 fuit,
1286 1926 1708 2013 sceleribus
1745 1922 2196 2011 inciderunt
2215 1924 2383 2034 ;.vi-
2465 1922 2470 1925 ’

530 2052 721 2168 giuti
759 2084 891 2141 sex
928 2056 1205 2163 annis,
1231 2057 1601 2171 inquam,
1637 2053 2218 2159 Bononienses,
2287 2073 2379 2136 ut
2513 2158 2524 2165 .

548 2206 797 2271 vetera
846 2180 1239 2269 dimittam
1272 2250 1299 2293 ‚
1360 2214 1568 2301 qnae
1634 2183 2064 2283 litterarum
2127 2180 2386 2267 moni·

528 2313 817 2428 mentis
846 2380 869 2422 ,
910 2312 1149 2426 magis
1184 2341 1429 2428 quam
1468 2314 1846 2400 memoria
1883 2311 2386 2425 cuiuspiam,

532 2444 691 2564 qui·
720 2441 1051 2550 viderit,
1091 2442 1530 2531 retinentur
1554 2506 1592 2549 ,,
1617 2440 1718 2524 ad
1759 2472 1964 2558 quae
2005 2445 2068 2528 si
2099 2439 2384 2527 .volue-

540 2573 697 2660 rim
785 2601 916 2658 me
1001 2568 1337 2680 referre,
1422 2567 1865 2684 multorum
1942 2569 2390 2666 seculorum

536 2699 854 2789 annales
920 2723 1157 2786 erunt
1186 2765 1212 2809 ,
1288 2722 1374 2786 et
1445 2723 1801 2814 tempora
1863 2687 2387 2808 recurrenda,

534 2832 730 2918 socii
768 2830 1009 2918 nostri
1044 2829 1424 2918 suerunt.
1486 2831 1682 2941 Quo
1747 2828 2012 2934 mirari
2077 2827 2388 2914 desinas
2527 2849 2534 2854 ’

526 2961 601 3048 si
639 2982 985 3048 nostram
1025 2979 1414 3074 praestare
1455 2980 1652 3045 tunc
1696 2955 1988 3064 videris
2055 2958 2378 3048 societa-

532 3109 701 3176 tem
728 3154 755 3198 ‚
821 3115 1063 3205 qnam
1128 3083 1569 3174 rescindere
1633 3109 1904 3174 contra
1971 3109 2329 3172 naturam
2359 3141 2400 3193 ,-

536 3247 744 3338 qnae
783 3213 1059 3300 similia
1126 3213 1554 3325 similibus,
1617 3214 1950 3332 populos
2019 3215 2384 3334 populis,

532 3347 986 3470 liberosque
1014 3341 1273 3429 liberis
1301 3345 2140 3464 conciliat,contrsque
2165 3345 2379 3458 longi

536 3477 911 3593 temporis
986 3475 1676 3588 consuetudinem,
1770 3507 1972 3595 quae
2048 3473 2380 3594 quidem

536 3607 777 3696 altera
814 3605 912 3692 sit
954 3629 1249 3715 natura,
1286 3604 1614 3716 fuisset,
1678 3604 2124 3721 praesertim
2190 3631 2388 3686 cum
2458 3621 2464 3626 '

544 3760 721 3828 ante
756 3733 1029 3826 oculos
1069 3735 1694 3824 Bononiensibus
1757 3735 2061 3823 cunctis
2125 3731 2384 3820 forent
