2981 4742
629 337 756 450 98.

565 471 763 577 cum'
797 475 1071 564 multis
1130 479 1438 565 iuribus
1469 543 1493 584 ,
1562 501 1639 564 et
1708 477 2219 564 dominorum
2290 509 2427 564 vo·
2464 570 2478 596 ἦ·

572 605 870 692 luntate
929 633 1284 697 nostrum
1353 633 1559 694 esset
1588 675 1613 710 ,
1680 603 2130 713 noluimus,
2197 609 2425 723 quod

569 731 1035 822 facillimum
1077 739 1304 823 nobis
1343 763 1553 844 erat,
1594 739 2136 836 Bononienses
2162 737 2423 850 expel-

569 858 730 946 lere
757 929 782 970 ,
819 864 958 950 sed
1000 866 1184 979 ipsis
1227 863 1543 948 nullum
1585 867 1709 948 ius
1751 865 2251 966 habentibus⁴
2280 896 2425 978 po·
2465 937 2470 943 ,

571 995 945 1080 tentiores
981 997 1359 1082 cessimus
1385 1061 1409 1102 ,
1449 997 1829 1114 quoniam
1872 999 1983 1080 eis
2024 997 2181 1080 situ
2206 1060 2230 1102 ,
2270 996 2425 1080 cir-

567 1125 1196 1244 cumviciniaque
1237 1127 1842 1213 convenientius
1908 1123 2425 1234 adhaerebat,

441 1291 447 1296 ·
567 1250 902 1342 alterum
930 1285 1146 1365 vere,
1174 1287 1340 1374 quo
1369 1281 1589 1371 petra
1614 1252 1957 1340 scandali
1987 1251 2422 1356 tolleretur,

570 1381 785 1470 dirui
829 1386 1252 1472 maluimus
1293 1417 1541 1506 quam
1584 1386 1843 1477 tueri.
1886 1383 2159 1472 Credo
2198 1381 2423 1498 quod

572 1535 849 1626 magua
891 1548 1070 1632 spes
1107 1541 1188 1604 et
1223 1518 1503 1630 ingens
1541 1514 1827 1602 harum
1884 1543 2153 1600 rerum
2221 1510 2419 1596 fama
2548 1614 2551 1617 Ι

549 1641 876 1732 'domini
957 1649 1073 1734 tui
1155 1647 1655 1762 permulcens
1734 1677 1963 1732 aures
1993 1711 2016 1753 ,
2095 1644 2429 1765 patriam

577 1795 821 1858 totam
864 1774 1278 1888 implevit,
1317 1805 1619 1892 vosque
1685 1805 1883 1889 pene
1943 1796 2219 1886 coepta
2288 1801 2439 1884 pro.

571 1900 952 1990 confectis
989 1928 1478 1990 assumentes
1507 1907 1593 1992 in
1622 1909 2241 2018 expectationem
2274 1929 2435 2002 ma-

571 2031 862 2118 ximam
901 2034 1232 2128 erexisse
1259 2099 1281 2121 .
1321 2029 1555 2145 Quid
1593 2058 1863 2124 autem
1903 2029 2119 2117 aliud
2144 2095 2169 2138 ,
2206 2026 2433 2145 quod

575 2157 696 2242 illi
731 2191 968 2246 suum
1010 2164 1649 2276 praetenderent,
1690 2185 1829 2249 aut
1860 2158 2180 2270 vellent,
2208 2180 2439 2269 potes

575 2283 922 2405 fingere,
961 2291 1067 2377 de
1107 2321 1276 2410 qno
1315 2290 1659 2405 potuerit
1698 2290 1907 2377 inter
1946 2314 2089 2373 nos
2128 2283 2254 2370 vel
2288 2284 2434 2379 mi-

574 2420 888 2507 nimum
929 2418 1234 2537 aliquid
1273 2420 1665 2507 excitari?
1700 2408 2087 2505 Discurre
2128 2445 2274 2529 per
2300 2415 2433 2499 vi-

577 2546 771 2661 ginti
807 2579 941 2637 sex
978 2575 1376 2634 annornm
1419 2547 1727 2661 spatia,
1766 2544 2069 2665 quibus
2106 2543 2439 2633 societas

578 2700 895 2787 nostra,
933 2678 1322 2765 renovatis
1355 2675 1823 2768 foederibus
1860 2674 2161 2789 viguit,
2227 2694 2307 2758 et
2368 2671 2437 2767 si
2530 2701 2565 2741 -·

578 2829 831 2921 potes,
873 2808 1226 2893 invenias
1265 2804 1488 2891 alind
1554 2804 2057 2923 quidquam,
2119 2802 2205 2887 in
2270 2830 2443 2918 qun

579 2931 745 3021 dici
785 2937 1057 3049 possit,
1096 2965 1241 3020 nos
1281 2935 1635 3058 ipsorum
1674 2936 1976 3087 coeptis
2013 2933 2265 3042 iustis,
2302 2951 2441 3021 aut

579 3065 886 3161 iniustis
967 3063 1095 3154 vel
1171 3065 1456 3153 leviter
1533 3068 2025 3174 occurrisse,
2090 3084 2183 3148 ut
2247 3087 2447 3157 cum

535 3208 541 3213 ’
579 3191 782 3291 nihil
821 3222 1229 3285 recensere
1273 3196 1517 3314 possis
1540 3261 1567 3305 ,
1607 3194 1939 3309 pudeat,
1966 3192 2441 3313 pudet-eque

581 3310 920 3431 debeat,
957 3324 1024 3409 si
1063 3354 1230 3409 non
1270 3322 1517 3449 fueris
1578 3326 1911 3414 omnino
1976 3321 2261 3409 frontis
2324 3341 2439 3404 at-

502 3544 508 3550 ,
582 3450 864 3559 tritae,
902 3449 1322 3543 stultitiam
1361 3443 1581 3550 tuam
1622 3476 1783 3553 tam
1826 3452 2059 3569 largis
2090 3449 2457 3558 habenis,

580 3578 981 3679 licentiam
1023 3605 1148 3671 tot
1177 3580 1943 3702 mendaciis,'totqne
1972 3578 2455 3675 falsitatibus

580 3708 1004 3830 indulsisse
1030 3747 1062 3827 3,
1135 3716 1494 3832 sciasque
1576 3710 1777 3819 nihil.
1842 3742 2125 3819 eorum
2152 3777 2183 3835 2
2240 3738 2453 3857 quas,
