2981 4742
474 513 1135 623 portunitatem‚
1173 502 1574 589 audaciam
1612 472 2196 619 obsidentium,
2231 516 2354 603 ni-

525 641 805 757 hilque
832 643 1095 723 minus
1136 660 1366 741 ratus,
1394 664 1633 751 quam
1659 638 2025 725 cumillis
2051 663 2354 729 tentare

526 768 973 873 fortunam,
1040 768 1205 871 via,
1272 794 1423 910 qna
1490 761 1819 847 dabatur
1847 764 2208 885 ,aliquos
2271 774 2353 857 in
2410 856 2416 861 .

516 898 905 1013 oppidum
950 894 1183 977 mittit
1211 891 1465 1006 ,qui‚
1509 892 1638 975 vix
1675 886 2004 979 obtento
2073 902 2348 985 trausi-

529 1052 670 1133 tn,
709 1022 1093 1110 tandem
1072 1048 1272 1107 intra
1323 1051 1643 1106 snorum
1707 1021 2016 1108 moenia
2057 1030 2349 1141 recepti

445 1266 449 1270 .
516 1182 733 1241 sunt:
774 1186 869 1239 ex
936 1153 1270 1265 consilio
1322 1150 1702 1268 quidem,
1741 1182 1926 1239 cnm
1969 1154 2344 1242 intrantes
2401 1170 2406 1175 “

516 1289 733 1371 oneri
781 1284 1085 1370 futuros
1140 1283 1467 1366 obsessis
1518 1283 1852 1390 scirent,
1894 1282 2120 1397 plena
2162 1286 2348 1375 resi-

517 1416 801 1501 stentia
855 1413 1047 1497 facta
1086 1442 1275 1497 non
1340 1437 1457 1496 est
1486 1445 1522 1521 3.
1575 1415 1804 1519 satis,
1869 1413 2136 1522 enim,
2202 1414 2353 1502 fuit

520 1544 935 1630 ostendere
975 1542 1194 1660 qnod
1240 1565 1601 1653 poterant
1640 1540 1863 1627 facile
1905 1542 2346 1656 prohiberi.

521 1674 901 1759 Processit
964 1703 1150 1783 ergo
1217 1668 1381 1795 dugt
1446 1669 1759 1754 illarum
1823 1671 2222 1783 gentium,
2267 1696 2350 1760 et

518 1828 763 1887 castra
830 1830 1157 1887 movens
1222 1799 1520 1883 infestis
1582 1799 1842 1907 signis·
1881 1798 2160 1885 urbem
2203 1832 2343 1885 no·

402 1964 409 1969 ·
519 1955 751 2017 stram
798 1933 1019 2044 petit,
1063 1954 1143 2015 et
1170 1960 1367 2015 -cnm
1411 1926 1672 2018 nullus
1700 1952 1893 2014 esset
1921 1928 2336 2015 resistendi

521 2063 848 2168 modus,
889 2063 1132 2173 portis
1171 2060 1571 2167 imminet,
1610 2083 1688 2142 et
1726 2088 1946 2171 agros
1987 2058 2338 2174 undique

516 2189 963 2303 populatur.
998 2190 1294 2287 interea
1336 2192 1580 2273 nostri
1623 2186 1812 2295 fide,
1837 2211 1918 2275 et
1958 2180 2351 2276 industria'

515 2318 889 2432 simplicis
916 2316 1317 2401 cuiusdam
1348 2315 1856 2424 bominis,cui
1889 2316 2344 2429 Luparello

515 2479 805 2533 nomen
846 2471 1007 2533 erat
1039 2513 1063 2555 ,
1096 2446 1373 2560 oppidi
1416 2476 1643 2531 muro
1687 2444 1933 2529 fracto
1961 2510 1984 2551 ,
2025 2470 2343 2531 noctur-

512 2606 707 2660 num
775 2598 1159 2688 occupant
1222 2573 1581 2687 aditum3
1645 2570 1740 2659 fit
1801 2575 2075 2686 ingens
2127 2574 2337 2664 iutra

440 2739 445 2742 ·
516 2703 1037 2818 municipium
1102 2701 1448 2811 clamor,
1511 2701 1951 2789 caeduntur
2017 2702 2339 2816 vigiles,

507 2863 778 2942 magna
822 2864 993 2946 pars
1032 2833 1414 2923 exercitus
1454 2833 1698 2918 nostri
1737 2831 2024 2945 irrupit
2065 2832 2276 2932 intus
2307 2901 2334 2943 ‚

510 2963 933 3076 subitoque
999 2985 1251 3054 totum
1316 2961 1682 3046 obtinent
1745 2962 2188 3074 oppidum,
2253 2987 2333 3052 et

504 3091 905 3208 quidquid
946 3091 1055 3173 ibi
1097 3092 1409 3202 tyranni
1448 3091 1858 3204 copiarum
1923 3085 2075 3177 fuit
2104 3155 2127 3198 ,
2193 3123 2332 3176 no-

489 3222 669 3304 stris
708 3217 995 3332 praeda
1040 3217 1303 3325 fuere,
1346 3219 1488 3302 nisi
1537 3218 1676 3336 'qni
1739 3239 2167 3330 potuerunt
2224 3217 2330 3313 ad

498 3349 697 3448 areis
738 3347 1207 3461 praesidium
1254 3372 1682 3461 penetrare.
1711 3347 2070 3435 Nunnius
2096 3348 2329 3438 huius

497 3477 934 3590 insperatae
977 3477 1344 3562 victoriae
1384 3502 1558 3594 post
1598 3463 1857 3576 ortum
1901 3477 2082 3562 solis
2110 3480 2324 3568 venit

497 3603 581 3686 in
624 3605 897 3690 urbem
928 3671 951 3711 ‚
992 3635 1327 3719 moxque
1360 3709 1367 3716 ι
1403 3629 1611 3692 tanta
1653 3604 1801 3693 fnit
1865 3605 1948 3691 in
2009 3605 2324 3693 civitate

499 3729 865 3845 laetitia,·
916 3723 1179 3821 tantus
1247 3733 1558 3852 plausus
1600 3801 1626 3844 ,
1687 3732 1907 3852 quod
1987 3733 2321 3826 calamu-
