2981 4742
717 369 828 472 40

633 509 1030 630 populum
1073 508 1624 596 Florentinum
1672 506 1909 596 buius
1960 507 2495 594 sanctissimae

627 642 1315 753 conglutinationis
1393 665 1681 754 caput,
1749 639 2121 724 columen
2155 703 2178 744 ,
2252 665 2495 756 atque

630 771 1072 884 principem
1102 796 1247 878 ‚et
1291 771 1369 854 hi
1413 771 2012 874 vehementius,
2061 798 2265 884 quos
2312 771 2492 874 Ge-

627 899 960 996 bellinae
1003 902 1362 988 factionis
1429 901 1857 988 crudelitas
1924 901 2258 1014 premit,
2296 931 2493 1015 qua-

623 1026 738 1112 les
779 1026 1067 1114 infiniti
1109 1054 1295 1114 sunt
1323 1095 1348 1138 ,
1387 1031 1531 1148 qui
1599 1057 1741 1115 tuo
1816 1030 2161 1113 Domino
2224 1030 2488 1114 anbia-

645 1186 857 1268 ceot,
913 1191 1072 1246 non
1111 1161 1372 1246 solum
1439 1160 1910 1272 gratulanter
1948 1159 2503 1246 Florentinum

643 1319 932 1374 nomen
975 1289 1318 1376 audiunt
1347 1358 1371 1397 ,
1409 1292 1552 1376 sed
1590 1292 1917 1376 adorant
1948 1354 1973 1397 ,
2036 1291 2178 1374 sed
2252 1293 2499 1376 vieto-

635 1420 830 1502 riam
863 1484 886 1526 ,
923 1444 1005 1504 et
1047 1418 1493 1506 felicitatem
1536 1425 1705 1506 eius
1743 1421 2081 1533 cupiunt
2114 1485 2139 1528 ‚
2176 1451 2321 1506 uec
2362 1456 2484 1506 ao·
2594 1405 2605 1416 ’

635 1544 807 1633 lum
874 1535 1213 1663 cupiunt
1243 1617 1266 1658 ,
1330 1553 1468 1636 sed
1540 1575 1956 1664 expectant
1985 1616 2006 1639 .
2075 1552 2483 1638 Gebellini

625 1709 868 1788 vem,
909 1685 1051 1766 nisi
1097 1685 1535 1793 desipiant,
1601 1683 1744 1797 qui
1814 1684 2232 1795 tyrannico
2297 1687 2485 1797 iugo

619 1811 1026 1898 subiacent
1054 1880 1077 1919 ‚
1119 1813 1549 1898 Gebellino
1587 1811 1921 1928 quidem
1966 1813 2234 1897 favore
2290 1816 2480 1900 mal·-

615 1938 836 2053 lent,
875 1946 1014 2030 sed
1057 1947 1118 2028 si
1163 1975 1318 2028 non
1363 1946 1601 2026 detur
1633 2010 1656 2049 ,
1692 1946 1931 2028 etiam
1972 1945 2461 2031 Guelforum

617 2074 986 2158 manibus
1013 2071 1383 2187 eligerent
1425 2073 1766 2160 liberari.
1794 2073 1953 2162 Sed
1980 2075 2232 2160 addis:
2263 2079 2468 2164 Non

484 2213 488 2216 ’
603 2220 882 2310 potest
916 2214 1108 2316 pati
1146 2207 1409 2291 Italia
1451 2237 1584 2290 eos
1626 2211 2090 2303 incolumes
2142 2203 2465 2316 videre,

603 2338 791 2447 qui,
833 2361 1024 2420 cam
1068 2361 1256 2421 eam
1327 2333 1704 2423 cladibus
1774 2337 2065 2425 multe's
2130 2339 2478 2454 afflare-1

599 2470 809 2571 rint,
837 2465 957 2551 ad
999 2486 1480 2553 extremum
1525 2470 1935 2583 suffocare
1973 2476 2469 2580 turpissima

598 2604 1002 2683 servitute
1069 2606 1354 2684 conati
1418 2618 1616 2685 sunt
1646 2664 1666 2684 .
1739 2598 2269 2683 Verissimum
2336 2622 2453 2685 eet

595 2718 756 2807 hoc
791 2790 816 2829 ,
855 2727 1184 2843 inquam
1218 2764 1242 2838 3
1283 2762 1438 2813 non
1479 2797 1502 2836 ‚
1542 2730 1755 2813 enim
1788 2796 1811 2835 ‚
1848 2759 2055 2850 quae
2102 2758 2279 2813 vera
2334 2730 2445 2813 di·

595 2853 803 2935 xeris
835 2921 856 2957 ‚
900 2857 1327 2969 denegabo.
1371 2863 1635 2947 Restat
1681 2861 1822 2945 tibi
1866 2858 2097 2976 quod
2144 2858 2457 2971 probes,

515 2976 524 2987 “
595 2983 720 3065 vel
757 2990 1052 3070 tatione
1085 2985 1603 3103 liquidissima
1632 2987 2459 3105 declaretur,·qninam

586 3113 768 3217 sint,
803 3118 942 3232 qui
981 3120 1294 3203 Latium
1325 3121 1687 3205 cladibus
1714 3118 2181 3224 afflixerint,
2220 3144 2300 3203 et
2340 3119 2459 3232 ip·

582 3274 764 3328 aum
787 3251 1041 3331 conati
1064 3248 1353 3336 suerint
1383 3253 1770 3338 subiicere
1785 3250 2174 3335 servituti.
2197 3248 2452 3361 Quod

559 3400 1014 3492 postquam
1097 3376 1589 3486 ostendet-isi,
1628 3381 1691 3461 si
1746 3378 2239 3465 convinceris
2310 3375 2454 3461 hos

573 3535 746 3588 csse
793 3508 1320 3612 Florentium,
1350 3537 1543 3597 tunc
1572 3513 1651 3595 in
1684 3513 1889 3622 ipsos
1918 3510 2165 3593 dicito
2205 3504 2447 3624 quid-

571 3636 797 3753 quid
824 3637 1018 3725 libet
1051 3706 1071 3726 .
1113 3642 1226 3726 Et
1270 3644 1651 3758 quoniam
1680 3639 1831 3725 hoc
1861 3636 2047 3721 alibi
2088 3665 2443 3723 commo-

546 3765 628 3851 di
649 3797 742 3877 us
761 3765 1316 3886 disserendum
1333 3777 1476 3881 eat,
1489 3770 1748 3857 donec
1780 3766 1971 3853 illuc
1988 3796 2461 3883 pervenero,
