2981 4742
2105 326 2265 440 159

457 489 569 549 tes
632 461 1144 572 subtilitatem
1212 466 1292 551 in
1361 464 1587 550 lucro
1614 530 1638 570 ‚
1702 466 2147 552 cautionem
2229 471 2309 552 in

457 622 690 708 pacto
717 663 740 700 ,
807 597 1332 682 sinceritatem
1403 597 1481 678 in
1546 593 2042 680 observando
2068 661 2089 682 .
2154 595 2321 684 Sed

457 727 610 809 iam
653 723 844 810 haec
881 728 1096 812 satis.
1137 725 1388 838 Quod
1429 749 1693 808 autem
1743 717 2161 810 dominum
2200 755 2321 808 re·-

458 854 718 940 ferens
785 881 1020 940 tuum
1048 920 1073 964 ,
1141 858 1407 972 inquis
1471 884 1517 938 a
1584 853 1791 940 duce
1860 855 2269 967 Ligustico
2294 919 2323 960 ‚

413 1071 418 1080 ,
462 986 854 1072 reminisci
900 1017 1028 1070 me
1067 985 1254 1070 fecit
1297 990 1466 1084 eius
1498 1051 1521 1091 ‚
1584 982 1807 1101 quod
1872 981 2319 1067 inconside-

365 1131 394 1154 ’“
456 1117 724 1200 derate
753 1117 1274 1229 praemiseras.
1304 1111 1736 1230 Appellasti
1764 1110 2095 1230 quidem
2124 1141 2315 1198 cum
2350 1159 2362 1168 -

455 1277 690 1358 supra
731 1247 1022 1330 ducem
1053 1247 1464 1358 Liguriae,
1506 1276 1719 1330 nnnc
1759 1274 1949 1330 vero
1976 1237 2322 1356 Ligusti-

441 1367 674 1463 cum.
702 1375 912 1460 Illud
952 1399 1213 1462 autem
1253 1407 1441 1462 cum
1485 1373 1982 1462 falsissimum
2010 1375 2144 1483 sit,
2170 1371 2324 1460 hoe

465 1537 624 1590 non
671 1505 1032 1620 prohibet
1070 1536 1235 1590 esse
1302 1504 1801 1591 verissimum
1830 1569 1855 1593 .
1907 1502 2323 1619 Equidem

462 1635 708 1720 cretio
749 1669 910 1726 non
951 1642 1381 1750 incongrue
1433 1636 1592 1720 dici
1662 1665 1885 1744 posse
1949 1634 2058 1719 de
2121 1663 2324 1751 quo·

463 1797 845 1884 cumque,
889 1797 1134 1882 parvo
1173 1767 1386 1873 licet,
1427 1767 1785 1882 principe
1822 1765 2051 1884 qnod
2094 1795 2325 1852 mun·

459 1897 714 1982 danus
751 1902 850 1984 sit
897 1902 1282 2012 princeps,
1321 1895 1607 1984 mundi
1651 1925 1842 1982 vero
1880 1896 2325 2012 principem

460 2025 774 2112 nullum
828 2059 992 2112 esse
1018 2094 1043 2136 ‚
1083 2028 1228 2112 nisi
1263 2027 1404 2112 toti
1447 2025 1757 2112 mundo
1796 2027 2323 2139 principetur.

464 2158 706 2242 Vnde
735 2146 962 2242 vocas
991 2225 1015 2264 ,
1051 2159 1334 2270 igitur,
1359 2153 1779 2242 dominum
1812 2179 2041 2239 tuum
2084 2155 2329 2266 Ligu·-
2456 2223 2461 2230 .

468 2286 621 2373 riae
659 2286 951 2373 ducem
983 2353 1006 2396 ,
1045 2291 1184 2403 qui
1229 2287 1490 2371 nescio
1530 2317 1699 2404 quo
1736 2285 1975 2373 titulo
2016 2283 2186 2370 dux
2223 2285 2325 2370 sit

464 2414 972 2501 solummodo
1005 2416 1507 2503 Mediolani?
1544 2415 1771 2503 Absit
1802 2446 1943 2529 per
1981 2415 2137 2503 Dei
2164 2413 2351 2511 eloe,

468 2547 836 2632 mentium
880 2576 1169 2631 nomen
1211 2545 1455 2656 istud,
1494 2575 1642 2631 nec
1683 2575 2037 2665 unquam
2081 2544 2319 2659 pessit

467 2677 494 2757 i
501 2704 662 2787 pse,
689 2676 812 2761 vel
839 2675 1066 2784 alius,
1096 2675 1237 2793 qni
1267 2697 1659 2789 tyrannus
1687 2672 1955 2781 fuerit,
1982 2672 2149 2761 dux
2177 2674 2319 2763 Li-.
2398 2763 2405 2767 ,

475 2806 742 2917 gutiae
759 2804 1362 2911 nominari.Tibi
1383 2834 1571 2892 vero
1587 2804 2199 2923 reprehensibile
2220 2805 2328 2889 ni·

463 2938 616 3021 mis
631 2932 1342 3049 est‚1icetmagnam
1363 2935 1571 3049 Ligu
1580 2937 2051 3052 riae'partem
2069 2959 2334 3051 tyran-

467 3062 656 3154 nide
672 3089 977 3178 premat
997 3094 1164 3175 sua,
1181 3096 1368 3151 cum
1384 3066 1795 3153 institutus
1815 3066 2152 3153 fueritin
2181 3064 2332 3149 du·

465 3196 842 3281 cemlicet
860 3226 1213 3309 magnae,
1238 3196 1424 3284 licet
1452 3197 1741 3283 nobilis
1769 3200 2105 3301 civitatis
2132 3197 2343 3283 iuius

471 3324 958 3440 provinciae,
999 3327 1292 3413 ducem
1334 3350 1750 3442 propterea
1782 3328 2161 3441 Liguriae=
2191 3358 2331 3414 no·

475 3458 777 3543 minare
803 3520 828 3543 .
905 3452 1114 3545 Nam
1143 3522 1172 3565 ,
1235 3479 1332 3543 ut
1405 3483 1669 3543 cetera
1746 3457 2017 3545 sileam
2046 3519 2073 3565 ,
2136 3486 2325 3553 cum

478 3585 795 3697 Liguria
834 3585 1184 3701 proxima
1252 3588 1353 3672 sit
1409 3588 1749 3675 Tusciae
1822 3583 2171 3693 finibus,
2208 3618 2333 3673 so-

474 3710 812 3831 lumque
875 3715 1144 3833 Macra
1207 3714 1464 3803 fluvio
1528 3717 1955 3807 dirimatur
1980 3782 2007 3828 ,
2068 3743 2331 3807 exten·
