2981 4742
2100 337 2261 424 105

493 486 682 574 suit.
723 483 848 572 An
883 481 1060 574 ,talis
1099 484 1397 573 civium
1448 511 1772 570 suornm
1840 509 2058 567 amor
2086 546 2111 588 ,
2174 481 2317 600 qui

498 639 690 700 tunc
730 618 1015 728 patuit,
1054 646 1148 698 an
1191 638 1402 701 tanta
1445 617 1734 721 virtus,
1788 635 2163 730 quantam
2231 614 2316 696 in
2402 625 2413 636 ’

491 744 658 856 ipso
702 769 908 829 totus
949 742 1299 826 mundus
1338 743 1789 856 obstupuit,
1830 763 2195 846 meretur,
2223 764 2315 825 ut

481 857 724 960 ‘foeda
767 872 1201 985 tyrannidis
1241 869 1757 984 appellatione
1797 870 2312 983 depravetur?

463 1001 666 1086 'Cur
706 1003 926 1110 istos,
965 1025 1041 1096 et
1083 1000 1474 1114 inclytum
1506 1001 1919 1084 dominnm
1954 1004 2313 1089 Mantua-

493 1161 727 1234 num,
762 1161 1030 1246 quem-
1071 1132 1392 1214 tertium
1462 1131 1872 1242 intelligis,
1928 1153 2311 1244 ,tyrannos

496 1289 958 1375 vocas,quos
994 1258 1160 1344 dux
1199 1260 1325 1343 ille
1354 1285 1535 1346 tuus
1561 1260 1894 1372 appellat
1918 1244 2308 1370 dominos,
2398 1259 2412 1274 “

477 1388 668 1472 dicit
713 1387 916 1472 filios
959 1414 1194 1504 atque
1236 1388 1559 1474 fratres?
1610 1387 1959 1502 Quo‘fit
2024 1416 2112 1476 ut
2180 1388 2317 1480 vel*

411 1571 416 1576 1
474 1541 601 1621 tu,
646 1518 764 1600 vel
801 1542 984 1601 tuus
1011 1516 1381 1602 dominus
1413 1521 1870 1605 mentiatur.
1904 1523 1984 1607 Si
2024 1550 2303 1608 verum

471 1645 793 1753 dixeris,
835 1645 1200 1730 dominus
1230 1646 1573 1736 mendax-
1594 1672 1707 1734 est
1734 1672 1952 1760 tuus3
1978 1649 2037 1732 si
2064 1681 2299 1754 verus
2418 1704 2455 1754 s

385 1833 389 1838 -
473 1776 570 1857 sit
608 1803 869 1880 sermo
909 1805 1138 1882 suus,
1174 1773 1399 1892 quod
1463 1801 1540 1861 te
1604 1801 2065 1889 negaturum
2132 1807 2299 1863 esse

387 1987 392 1993 ,
471 1931 635 1986 non*
671 1902 947 2012 crede,
988 1903 1286 1990 clarum
1328 1905 1618 1990 efficies
1654 1904 1877 2024 quod
1919 1907 2295 1994 mentiris·

463 2029 635 2117 Nec
673 2029 890 2117 dicas
931 2029 1368 2118 dominicos
1411 2032 1584 2118 illos
1622 2065 2013 2119 sermones
2064 2035 2294 2122 urba-

466 2161 724 2242 nitatis
763 2190 967 2269 esse,
1003 2191 1165 2248 ,non
1211 2164 1596 2268 veritatis,
1636 2153 2021 2276 qnaenam
2060 2165 2293 2250 urba-

455 2289 700 2393 nitas,
739 2317 943 2403 quae
973 2273 1220 2374 virtus
1245 2293 1575 2406 quidem
1607 2318 1741 2401 est,
1771 2297 1849 2377 in
1882 2291 2291 2379 mendacio

458 2442 708 2529 potest
753 2421 974 2502 esse?
1009 2416 1102 2505 'si
1173 2420 1454 2505 falsum
1522 2446 1636 2505 est
1704 2422 1923 2536 quod
1993 2422 2287 2509 urbane

455 2549 796 2654 dicitnr,
831 2573 910 2631 et
952 2550 1394 2656 assentatio,
1435 2572 1517 2633 et
1563 2550 2055 2635 mendacium
2120 2576 2233 2636 est
2262 2598 2309 2639 .-

453 2677 702 2787 Quod
747 2676 960 2761 malis
1010 2676 1427 2763 dominum
1495 2702 1727 2762 tuum
1794 2710 1999 2787 esse,
2065 2710 2283 2765 men·-

454 2808 777 2915 dacem,
816 2832 893 2892 et
934 2831 1529 2915 assentatorem,
1571 2816 1667 2889 an'
1709 2808 2142 2893 veridicum
2203 2834 2285 2909 et

459 2942 910 3031 urbanum?
947 2943 1082 3053 Tu
1129 2968 1318 3020 vero
1353 2944 1499 3020 cu'r
1565 2936 1869 3020 domini
1936 2939 2051 3021 tui
2120 2970 2279 3049 non

459 3069 782 3153 imitaris
821 3066 1326 3179 exemplum?
1369 3068 1540 3153 Cur
1580 3065 1877 3149 urbane
1944 3096 2101 3151 non
2169 3067 2283 3155 lo-

453 3201 716 3313 queris
755 3201 966 3309 sicut⁹
995 3196 1178 3281 ille?
1219 3195 1386 3280 Cur
1417 3192 1593 3307 plus
1622 3217 1874 3305 potest
1902 3194 1980 3278 in
2014 3218 2087 3279 te
2117 3226 2281 3283 me-

457 3353 584 3414 tus
624 3359 862 3445 quam
927 3327 1257 3412 veritas?
1321 3326 1485 3413 Cur
1558 3323 1977 3413 domiuum
2043 3349 2279 3414 tuum
2496 3322 2523 3387 ⁸
2589 3440 2591 3445 Ι

449 3458 786 3573 appellas
850 3456 1138 3541 ducem
1180 3522 1204 3563 ‚
1268 3456 1412 3574 qui
1497 3450 1893 3563 {erissime
1958 3455 2055 3540 sit
2145 3480 2271 3569 ty-

447 3589 782 3671 rannus?
821 3584 978 3673 Sed
1021 3585 1234 3671 dices
1249 3618 1275 3696 3
1313 3613 1576 3670 nonne
1620 3584 2034 3669 Caesareae
2097 3582 2265 3669 Ma·-
2302 3626 2308 3631 ·

436 3716 1224 3838 iestatisauctoritate
1263 3712 1432 3807 dux
1470 3712 1715 3801 factus
1777 3733 1894 3798 est
1955 3708 2267 3814 Medio<
