2981 4742
571 368 682 455 9⁴²
1438 437 1451 453 .,
2005 442 2009 447 ,

517 479 676 563 vim
714 476 883 563 eius
921 508 1316 593 praesens,
1352 506 1922 597 magnumque,
1960 506 2062 563 ne
2097 474 2355 563 solum

509 605 840 691 dixerim
868 674 893 717 ‚
933 610 1377 694 remedium
1418 635 1623 693 esset
1675 609 1758 693 in
1829 605 2127 723 populo
2167 606 2357 691 flo—
2419 652 2426 659 ·

508 739 819 819 rentiuo
847 804 869 844 ,
912 736 1329 855 plusquam
1346 736 1598 855 ,scribi
1642 737 1888 823 vaieat
1921 805 1945 845 ,
1985 760 2062 822 te
2101 737 2358 821 demi·-

513 894 645 949 ror
682 868 1091 982 quomodo
1130 893 1293 976 tam„
1326 866 1562 953 stulte
1603 866 2139 952 dubitandum
2183 900 2354 951 esse

517 998 811 1081 nemini
853 996 1159 1104 dixeris,
1186 998 1717 1083 Bononienses
1754 997 1919 1080 sine
1963 992 2356 1083 bellorum

478 1155 758 1213 ‚onere
841 1158 1331 1213 remansuros
1397 1125 1634 1212 fuisse
1662 1192 1686 1235 ‚
1762 1126 1827 1211 si
1903 1158 1986 1210 se
2081 1129 2364 1211 nostris

516 1284 559 1339 a
598 1252 1049 1341 foederibus
1090 1254 1594 1340 abscidissem.
1621 1318 1642 1343 .
1690 1247 2116 1361 Tutiores)
2153 1284 2366 1367 ergo,

518 1409 617 1465 ne
658 1384 979 1468 fuissent
1016 1382 1157 1473 soli
1200 1413 1443 1501 quam
1481 1385 1799 1471 sociati?
1836 1387 2213 1473 Tutiores
2267 1414 2365 1467 ne

526 1508 853 1598 fuissent
894 1512 1309 1635 prodendo
1344 1514 1599 1599 socios
1628 1581 1652 1622 ‚
1690 1538 1932 1630 atque
1997 1510 2366 1597 foedifra-

521 1640 651 1752 gi,
690 1649 932 1758 'quam
972 1642 1051 1725 in
1094 1638 1255 1727 fide
1320 1664 1717 1726 manentes
1785 1642 2115 1727 maxima
2179 1672 2368 1727 cum

486 1780 497 1789 ’
524 1769 959 1882 integritate
984 1768 1348 1854 defensi?
1368 1768 1760 1882 Cogitavit
1785 1767 2159 1853 dominus
2185 1762 2373 1855 tuus

514 1922 703 1981 cum
730 1895 963 1981 simul
984 1898 1433 2011 Commune
1462 1919 1843 2004 nostrum,
1857 1923 1931 1982 et
1959 1896 2131 1980 illos
2161 1896 2375 1982 belio

522 2046 817 2137 peteret
843 2090 870 2133 ‚
910 2056 1051 2110 nos
1092 2028 1189 2111 ab
1228 2027 1568 2111 invicem
1631 2050 1790 2113 tam
1855 2026 2308 2112 defensione
2341 2094 2368 2135 ‚

532 2182 772 2267 quam
814 2154 1090 2239 animis
1131 2184 1536 2269 separare,
1602 2156 2188 2271 certissimeque
2229 2186 2370 2241 nos

532 2312 667 2367 eos
732 2281 1209 2368 defensionis
1274 2308 1577 2369 nostrae
1643 2288 1804 2369 'tam
1859 2285 2312 2369 necessitate
2343 2350 2368 2394 ,

533 2441 773 2530 quam
836 2411 1101 2500 studio
1149 2413 1645 2524 deserturos3
1680 2411 1824 2527 sed
1867 2411 2366 2504 Florentino-

528 2571 708 2628 rum
746 2545 1135 2656 integritas
1161 2611 1188 2654 ‚
1225 2568 1305 2631 et
1342 2544 1583 2644 animi
1621 2543 2081 2657 magnitudo
2147 2539 2313 2628 fide
2340 2612 2367 2653 ‚

535 2695 615 2755 et
657 2672 1070 2785 prudentia
1097 2673 1317 2761 solita
1345 2667 1661 2761 stultam
1689 2671 1870 2760 fecit
1908 2673 2366 2790 sapientiam

534 2799 703 2884 eius
732 2865 754 2887 .
784 2801 1023 2888 Vidit
1052 2861 1076 2910 ,
1112 2804 1322 2888 enim
1352 2869 1377 2912 ,
1413 2802 1789 2890 dominus
1830 2801 1964 2888 iile
2005 2827 2186 2890 tuus
2226 2836 2372 2890 uos

534 2927 640 3015 de
665 2927 1118 3018 defensione
1147 2954 1403 3018 nostra
1442 2963 1787 3043 securos,
1811 2964 2166 3048 magnam
2195 2965 2370 3048 par-

500 3055 505 3064 ’
538 3081 697 3145 tem
725 3060 1125 3173 copiarum
1152 3086 1591 3148 nostrarum
1619 3093 1803 3150 cum
1834 3063 2122 3151 Ioanne
2148 3062 2368 3150 Hatr-

534 3212 626 3274 ut
657 3193 1042 3307 equitatus
1067 3194 1310 3278 nostri
1347 3189 2034 3309 praefecto,relicta
2049 3195 2368 3302 Tuscia,

540 3317 979 3405 Bononiam
1018 3324 1542 3409 transmisisse.
1581 3323 1865 3432 Vidit,
1905 3324 2198 3409 etenim
2225 3391 2248 3433 ,
2287 3349 2371 3410 et

534 3446 1210 3566 obstupuit.prius
1247 3453 1674 3540 exercitum
1713 3483 1952 3538 suum
1991 3451 2378 3564 fugatum,

528 3607 772 3696 quam
810 3577 1003 3668 illuc
1040 3584 1487 3696 pervenisse
1530 3606 1788 3667 nostra
1825 3581 2171 3668 subsidia
2239 3611 2376 3668 co-

530 3705 921 3824 gnovisset
947 3776 975 3824 ,
1067 3741 1371 3832 nosque
1436 3707 1830 3801 malorum
1891 3711 2373 3804 ¹{nostrorum
