2981 4742
2086 411 2189 493 ¹9

407 521 942 632 impudenter
975 523 1320 618 faciatis
1359 523 1531 606 alio
1587 516 2041 606 dicendum
2082 525 2243 604 erit

405 652 630 735 Ioco·
675 653 929 738 Nunc
983 683 1480 769 prosequor;
1524 649 2073 753 Videbimus,
2117 655 2243 734 in-

405 810 655 892 quam
687 846 708 886 ,
749 783 991 867 illam
1043 791 1389 866 inanem
1419 849 1442 888 ,
1506 799 1757 896 atque
1822 799 2245 865 ventosam

403 913 940 1017 iactantiam,
957 930 1039 997 et
1070 909 2239 1011 insolentiamFlobentinam,
2310 977 2317 985 .

408 1053 494 1119 et
532 1069 783 1154 quam
821 1047 1120 1130 virtuti
1171 1069 1412 1125 ver-ae
1468 1037 1969 1151 respondeat
2010 1066 2065 1118 a
2105 1067 2239 1122 νο·-

409 1167 534 1252 bis
590 1187 940 1281 praeter·
1021 1188 1332 1255 eeteros
1411 1168 1809 1254 mor-tales
1868 1171 2249 1282 propria·-

411 1327 603 1384 rum
647 1328 924 1382 rerum
967 1329 1288 1412 semper
1343 1315 1749 1414 usurpata
1816 1287 2251 1400 laudatiog

413 1456 1040 1541 cognoscemus.
1077 1463 1090 1483 ¹

533 1554 858 1666 Quibus
897 1555 1094 1708 quid
1164 1557 1699 1672 responderim
1730 1624 1755 1670 ,
1820 1559 1964 1644 nisi
2030 1553 2267 1674 quod.

416 1714 604 1770 eum
661 1689 983 1770 oratoris
1046 1689 1402 1774 officium
1467 1690 1773 1776 deseras
1822 1685 2265 1774 diffidentia
2378 1709 2403 1738 ·

421 1812 771 1924 scilicet,
811 1840 902 1900 ut
942 1818 1275 1906 arbitror
1302 1821 1971 1936 ,probationum,·
1962 1816 2323 1906 eadem.

431 1933 808 2026 stultitia
785 1977 1004 2076 ,qua
1047 1945 1309 2033 dicere
1351 1952 1728 2063 coepisti,
1796 1963 2009 2032 nune
2053 1945 2273 2030 inei·-

423 2071 584 2185 pias
651 2068 1052 2163 divinare.
1111 2077 1216 2163 Ο
1265 2079 1677 2193 singularis
1743 2101 2053 2187 orator,
2076 2073 2265 2190 qu'i

405 2201 697 2312 primis
758 2205 1128 2289 orationis
1193 2230 1373 2290 tuae
1440 2207 1775 2315 νει-δῖε,
1815 2233 2001 2291 cum
2072 2201 2265 2286 nihil

420 2329 892 2443 probaturus
933 2335 1260 2417 omnino
1324 2336 1477 2451 sis,
1546 2334 1872 2451 probare
1940 2329 2270 2447 quidem

415 2488 578 2540 non
625 2482 845 2569 potes
876 2525 897 2565 ‚
937 2458 1364 2547 tibifidem
1405 2462 1811 2549 abstuleris
1838 2528 1863 2570 ‚
1901 2485 2003 2544 et·
2036 2459 2273 2545 etiarn

414 2588 506 2673 si
523 2584 724 2702 quid
767 2616 1030 2701 posses
1067 2588 1444 2674 orationis
1483 2588 1950 2697 dulcedine,
1982 2586 2115 2673 vel
2149 2618 2269 2671 ar·-

417 2712 664 2801 tifieio
702 2720 1137 2835 consequi,
1175 2716 1498 2804 ‘stultitia
1540 2744 1672 2870 tua
1713 2714 2026 2832 perdas.
2057 2715 2265 2850 Quis

416 2867 495 2929 te
535 2846 811 2931 docuit
867 2872 1262 2933 oratorem
1307 2877 1644 2952 exuere,
1642 2858 1943 2997 teque
1998 2852 2256 2955 traus

412 2968 666 3079 ferre,
705 2974 952 3093 quod
968 3000 1088 3067 est
1128 2972 1757 3091 pei-ridiculum,
1794 2975 1878 3058 iu
1922 2973 2263 3087 prophe-:-

413 3104 632 3187 tam?
697 3107 838 3190 Sic
901 3112 1116 3215 erit,
1188 3106 1508 3223 inquis,
1567 3104 1995 3234 preseete.
2060 3104 2270 3215 Qu'is

413 3226 570 3315 hoe
614 3232 753 3320 tibi
797 3234 1037 3325 stulte
1079 3231 1484 3353 piomisit?
1524 3236 1725 3353 Non
1746 3225 2051 3345 fhl'lor,
2070 3231 2273 3318 adii-

419 3361 583 3469 eis,
621 3362 901 3479 quasi,
941 3392 1146 3485 quae
1209 3366 1573 3453 turbatus
1639 3387 1913 3478 optas,
1955 3364 2066 3447 sie
2124 3366 2271 3461 tihi

419 3515 816 3605 comperta
857 3493 1063 3603 sint,
1161 3493 1446 3585 nodia
1485 3493 1626 3580 illo
1692 3490 2266 3587 malivolentiae

419 3619 776 3709 tumultu
805 3688 829 3729 ,
861 3650 1016 3743 ‘nee
1053 3622 1126 3707 fa
1163 3621 1218 3709 li
1259 3623 1511 3708 valeas
1540 3691 1563 3732 ,
1604 3652 1749 3709 nec
1786 3649 2085 3712 errare:
2127 3624 2203 3707 F
2196 3609 2273 3707 a·

419 3746 709 3841 bellam
750 3750 964 3862 ursi,
1003 3782 1190 3842 cum
1261 3782 1499 3871 nugas
1562 3776 1735 3838 tuas
1800 3751 2107 3865 relego,
2150 3776 2269 3849 ref
