2981 4742
671 315 779 402 52

606 462 808 568 ipsis
837 471 1108 570 potest
1147 485 1321 540 esse
1360 453 1861 541 iucundum.
1900 454 2154 565 Ergo,
2179 451 2439 540 domi.-

603 584 684 666 ni
727 585 840 667 tni
870 649 893 688 ,
934 582 1408 697 tyrannique
1449 581 1792 668 crudelis
1831 585 2262 668 exercitum
2289 583 2428 666 de-

597 703 1024 798 sideratum
1051 779 1075 820 ,
1112 737 1189 796 et
1227 736 1718 824 expectatum
1758 743 1801 796 a
1843 713 2123 797 nostris
2152 715 2439 826 putas?

598 840 895 927 Vidisti
936 839 1452 958 priore‘bello
1516 871 1654 954 per
1718 841 2087 927 effectum
2116 909 2139 951 ,
2179 873 2433 959 quan·

495 979 500 988 ’
591 993 769 1056 tum
809 969 1163 1058 secundo
1200 999 1463 1092 posses
1489 1036 1514 1077 ,
1552 970 2049 1088 deberesque
2111 1001 2422 1086 sperare

599 1098 704 1182 de
744 1122 1194 1194 nostrorum
1233 1099 1632 1183 mentibus
1694 1097 2197 1185 subditorum
2229 1164 2264 1184 .,
2290 1103 2438 1185 Vi-

597 1227 782 1312 disti
819 1226 1178 1346 quidem,
1203 1250 1283 1313 et
1312 1227 1460 1313 nisi
1489 1225 1694 1313 fores
1720 1232 2093 1314 insensata
2136 1226 2458 1344 bellua„

591 1357 911 1468 potuisti
975 1355 1392 1473 plusquam
1469 1359 1653 1441 satis
1732 1355 2138 1444 addiscere
2223 1357 2430 1472 quid

593 1480 1070 1596 sperandum
1113 1481 1217 1567 de
1257 1485 1657 1587 mentibus
1720 1481 2229 1572 subditorum
2296 1517 2439 1569 no-

602 1634 995 1718 strorum3
1061 1633 1153 1693 ut
1221 1639 1408 1696 cnm
1475 1641 1643 1731 quo
1708 1614 1955 1726 possis
2019 1611 2386 1728 exemplo
2412 1680 2436 1721 ‚

597 1769 804 1854 quae
845 1740 1184 1823 somnias
1209 1769 1519 1852 sperare
1544 1806 1570 1848 ,
1608 1740 1733 1824 vel
1762 1740 2025 1828 dicere
2050 1808 2073 1849 ,
2112 1743 2437 1826 omnino

595 1865 1083 1956 nonhabeas
1111 1933 1134 1974 ,
1173 1866 1311 1950 sed
1354 1897 1450 1952 ex
1489 1870 1921 1981 praeteritis
1983 1871 2436 1984 oppositum

526 2063 532 2068 -
599 1997 986 2083 monearis
1014 2063 1038 2104 ‚
1115 1991 1444 2080 certum'·
1500 2000 1595 2082 sit
1626 2063 1649 2104 ‚
1726 2021 1802 2082 te
1882 2013 2203 2114 captum
2279 2027 2442 2083 am-

595 2131 771 2214 bitu
799 2197 823 2238 ‚
888 2125 1468 2244 splendoreque
1532 2129 1960 2214 verborum
2028 2153 2187 2213 tam
2250 2127 2444 2214 stul-

453 2348 462 2358 ,
590 2283 670 2345 te
707 2287 954 2378 quam
997 2256 1703 2371 reprehensibiliter
1765 2257 2151 2345 delirare:
2214 2258 2424 2348 Nam

587 2388 813 2507 quod
853 2414 1158 2476 nostros
1197 2390 1553 2473 subditos
1584 2456 1606 2494 ‚
1671 2386 2045 2501 dignitate
2116 2388 2437 2502 pristina

593 2519 1004 2634 spoliatos,
1045 2518 1242 2605 dicis
1280 2520 1773 2605 acerbissima
1811 2516 2234 2631 tyrannide
2272 2516 2436 2602 suf-

591 2640 938 2754 focatos,
1009 2644 1161 2731 tale
1199 2646 1557 2795 ‘quidem
1620 2670 1787 2753 est,
1850 2645 2135 2764 quod
2136 2670 2212 2730 te
2277 2670 2437 2731 tam

586 2768 775 2859 falsa
850 2772 1118 2869 dicere
1157 2774 1221 2859 si
1261 2776 1442 2891 quis
1479 2776 1862 2887 arguerit,
1928 2804 2090 2857 non
2155 2770 2433 2861 habeas

482 3003 486 3009 .
584 2902 788 3022 quid
845 2932 1217 2990 excuses.
1259 2902 1723 3015 Tyrannide
1762 2932 1863 2986 ne
1903 2898 2431 3012 suffocantur,

444 3112 456 3117 -
590 3056 730 3119 aut
771 3032 1150 3147 dignitate
1192 3032 1515 3146 pristina
1550 3026 1863 3151 *spoliati
1900 3052 2085 3116 sunt
2111 3029 2435 3116 Floren-

584 3164 936 3248 tinorum
1003 3160 1352 3269 subditi,
1417 3192 1620 3278 quos
1698 3157 1827 3247 vel
1909 3160 2096 3245 urbs
2178 3182 2439 3247 nostra

582 3289 1042 3398 constitnit,
1081 3314 1317 3406 atque
1383 3287 1620 3397 fecit,
1685 3286 1812 3373 vel
1879 3287 1985 3371 de
2049 3313 2428 3401 tyranno-

586 3450 770 3510 rum
809 3419 1173 3527 manibus
1213 3420 1456 3528 eruit,
1498 3440 1630 3503 ant
1670 3419 2025 3532 recepit?
2062 3417 2206 3536 qui
2242 3442 2427 3505 sunt

585 3548 714 3635 vel
754 3550 1167 3637 nobiscum
1207 3550 1288 3632 in
1329 3546 1687 3634 libertate
1724 3550 1877 3633 nati
1910 3616 1933 3657 ,
1974 3546 2102 3632 vel
2140 3545 2243 3630 de
2288 3548 2433 3633 mi·-

461 3752 471 3765 .
585 3682 950 3780 §ert-imae
1015 3678 1412 3768 servitutis
1475 3678 1850 3797 angustiis
1914 3678 1997 3771 in
2062 3674 2428 3775 dulcedi-2
