2981 4742
793 299 1038 396 ¹90*

727 451 888 514 tem
931 424 1190 514 Italiae
1219 493 1244 536 ,
1282 425 1365 514 iu
1409 423 1767 512 manibus
1830 423 2003 508 eius
2068 448 2233 512 erat
2262 486 2285 511 .
2339 429 2592 544 'lpse‚‘

733 556 899 670 ipse
937 559 1198 652 omnia
1244 554 1740 642 concutiebat
1784 552 2215 667 cupiditate
2252 586 2573 672 regnan-

727 684 862 774 di.
904 686 1078 802 Ipse
1116 684 1332 773 solus
1362 751 1386 790 ‚
1453 680 1538 770 si‘
1586 713 1865 768 manus
1926 683 2421 793 abstinuisset
2458 691 2559 776 ab

733 813 902 900 aliis
929 882 953 926 ,
992 817 1054 901 si
1103 815 1603 903 turbantibus
1642 813 1830 899 alios
1864 879 1887 922 ,
1929 838 2015 899 ut
2056 839 2388 928 poterat,
2428 819 2569 904 ob-

731 946 1042 1032 stitisset
1071 945 1300 1058 ,solo
1341 944 1585 1032 verbo
1624 969 1907 1032 cuncta
1962 945 2301 1030 sedasset
2330 1010 2350 1032 .
2395 948 2563 1062 lpse

725 1073 942 1162 solus
984 1081 1240 1192 potuit
1295 1107 1571 1192 pacem
1632 1099 2399 1193 serere,‚totamque
2466 1081 2562 1162 si-

649 1241 655 1248 ·
732 1205 906 1292 mul
953 1206 1302 1315 ltaliam,
1343 1208 1571 1294 nobis
1640 1207 1876 1293 etiam
1946 1196 2431 1314 faventibus,
2486 1210 2565 1294 in

588 1687 658 1726 ’.ιδ

731 1336 941 1446 pacis
969 1332 1394 1420 dulcedine
1423 1326 1847 1421 continere.
1880 1333 2252 1450 Cumque
2280 1362 2565 1448 posset,

721 1462 1212 1580 deberetque
1235 1530 1258 1571 ,
1295 1461 1483 1548 eu'm
1529 1463 1841 1548 nullum
1873 1463 2172 1547 videret
2203 1493 2339 1577 par
2364 1491 2562 1548 stare

719 1616 957 1700 caput
985 1659 1007 1698 ,
1053 1591 1528 1708 nullumque
1571 1591 1752 1698 tale,
1791 1592 2013 1709 quod
2055 1592 2559 1680 formidinem

725 1720 873 1804 sibi
943 1745 1198 1835 posset
1265 1720 1602 1828 inferre,
1668 1719 1772 1804 de
1836 1744 2041 1804 statu
2110 1751 2257 1804 suo
2324 1753 2560 1837 super
2666 1817 2672 1824 ¹

715 1879 986 1936 omnes
1042 1883 1210 1936 esse
1276 1883 1650 1960 securus,
1690 1850 1967 1937 debuit
2009 1874 2085 1935 et
2124 1851 2315 1937 alios
2382 1853 2557 1938 recl-

719 1978 910 2064 dere
991 1983 1152 2096 pari
1237 1984 1535 2066 ratione
1612 2011 1977 2086 securOS,
2050 2010 2208 2064 uon
2292 2013 2559 2067 omnes

717 2106 977 2216 bello,
1021 2111 1247 2193 minis
1276 2176 1298 2216 ‚
1341 2135 1587 2214 nutu,
1626 2110 2100 2226 secretisque
2175 2110 2557 2222 proditio·

708 2240 942 2324 uibus
979 2265 1366 2324 exterrere
1398 2306 1416 2325 .
1459 2241 1905 2351 Quievisset
1981 2264 2177 2324 terra
2230 2239 2553 2349 antefa·

710 2374 912 2479 ciem
977 2375 1190 2477 eius,
1229 2396 1307 2456 et
1351 2376 1693 2467 moriens
1757 2370 1865 2455 de
1930 2403 2011 2455 se
2083 2401 2411 2476 verum,
2472 2396 2549 2457 et

709 2504 1043 2589 aeternis
1123 2501 1683 2592 celebrandum
1764 2498 2126 2585 laudibus
2195 2504 2546 2605 nomen,

713 2631 931 2717 velut
972 2656 1242 2718 auctor
1308 2634 1569 2742 pacis,
1636 2662 1793 2715 non
1867 2654 2287 2742 perpetuus
2354 2628 2539 2713 belli

709 2762 958 2851 fomes
995 2829 1022 2873 ‚
1059 2796 1148 2849 ac
1187 2762 1663 2853 deflendum,
1696 2760 2065 2845 omuibus
2094 2758 2549 2874 reliquisset.

732 2940 736 2945 ·
814 2894 1080 2981 Credo
1141 2897 1321 2979 satis
1388 2888 2120 3007 tuis'maliloquiis,
2188 2875 2547 3005 quisquis

524 3009 534 3029 ⁸
632 3047 638 3052 ·
696 3025 799 3109 sis
831 3090 853 3131 ,
907 3049 1060 3108 tam
1093 3021 1426 3107 'abunde
1458 3089 1479 3129 ,
1520 3052 1763 3138 quam
1808 3018 2367 3129 rationabiliter
2398 3084 2420 3123 ‚
2477 3041 2553 3100 et

697 3154 921 3275 quod
964 3152 1220 3238 nullos
1259 3176 1673 3263 negaturos
1712 3151 2089 3256 arbitror,
2133 3146 2527 3230 verissime

698 3284 1188 3399 respondisse
1225 3348 1244 3369 .
1323 3284 1494 3369 Nec
1550 3279 2017 3397 ‚quidquam
2088 3275 2531 3398 remansisse

696 3440 896 3532 puto
923 3482 946 3523 ,
985 3411 1206 3533 quod
1249 3443 1404 3497 nou
1447 3408 1693 3497 fuerit
1735 3402 2321 3522 diligentissime
2351 3432 2532 3487 con·-

695 3546 1042 3633 futatum
1072 3608 1092 3631 .
1135 3545 1215 3629 Si
1261 3539 1798 3655 potes.alicubi
1847 3564 1919 3623 te
1948 3540 2186 3642 tueri,
2216 3535 2278 3617 si
2312 3534 2532 3647 potes

700 3701 962 3765 nostra
1039 3670 1665 3788 reprehendere,
1740 3668 1861 3755 fac
1928 3665 2357 3773 audacter-3
2424 3657 2549 3749 vel
