2981 4742
738 382 846 469 58

633 555 812 635 gnas
850 517 1400 626 solummodO,
1446 517 1583 602 sed
1630 518 1973 632 ingentes
2004 586 2025 622 ‚
2094 521 2238 636 qui
2302 519 2473 605 taiia

633 651 971 735 scribere
1000 717 1023 760 ,
1065 649 1244 735 licet
1285 647 1547 732 minus
1585 650 1957 766 oratorie,
2000 649 2181 733 licet
2223 675 2492 734 contra

633 811 945 865 causam
977 848 998 890 ,
1041 812 1282 897 quam
1354 779 1594 864 tueris
1623 845 1643 879 ‚
1689 778 1769 860 in
1814 777 1959 862 hoc
2002 804 2077 862 te
2118 783 2437 892 gesseris
2468 849 2491 885 ,

636 941 794 994 non
864 943 941 994 es
1012 912 1347 1017 verituS,
1413 907 1555 992 sed
1597 907 1841 989 libere
1870 975 1892 1006 ,
1934 911 2137 992 sicut
2205 908 2493 991 veridi-

632 1069 819 1124 cum
861 1039 1134 1124 decuit
1161 1105 1184 1146 ,
1223 1034 1580 1122 ausus'es
1612 1101 1629 1122 .
1673 1035 1919 1145 Nihil,
1962 1039 2199 1134 enim,
2243 1041 2491 1121 maius

627 1199 775 1282 pro
820 1169 1052 1252 nobis
1092 1167 1515 1284 quisquam
1579 1189 1838 1280 posset
1867 1231 1889 1271 ,
1932 1165 2057 1248 vel
2108 1165 2499 1250 efficacius

634 1295 1085 1383 affirmasse.
1128 1295 1287 1380 Sed
1327 1293 1685 1378 instabis.
1734 1291 2073 1399 Nonne,
2122 1323 2307 1376 cum
2354 1295 2496 1375 mi·
2580 1291 2587 1296 ’

643 1415 907 1511 serum
951 1424 1284 1510 dixerim
1326 1453 1492 1507 csse
1534 1419 1723 1506 haec
1764 1421 1863 1505 ab
1905 1454 2066 1504 uno
2109 1423 2308 1535 pati,
2350 1422 2494 1504 mi-

633 1555 882 1638 serius
950 1589 993 1638 a
1062 1553 1330 1639 multis
1394 1550 1670 1636 addidi
1706 1617 1729 1657 ‚
1809 1552 2493 1667 miserrimumque

631 1683 732 1767 ab
776 1682 893 1765 bis
935 1750 957 1789 ,
995 1685 1137 1800 qui
1179 1709 1706 1796 tyrannorum
1749 1677 2119 1764 malitiam
2158 1708 2495 1764 excesse-

637 1814 780 1896 re?
825 1812 1144 1920 Dixisti,
1170 1809 1467 1920 fateor,
1507 1807 1645 1892 sed
1686 1838 1873 1893 cum
1916 1807 2019 1891 de
2060 1807 2282 1890 nobis
2324 1806 2499 1890 nul-

637 1937 793 2023 lam
839 1937 1066 2023 facias
1105 1938 1619 2042 mentionem,
1662 1960 1742 2020 ct
1786 1961 2067 2022 notum
2108 1939 2204 2021 sit
2244 1941 2499 2022 omni-

640 2066 820 2174 bus,
849 2069 1006 2169 nisis
1023 2067 1345 2174 forsitan
1385 2067 1602 2150 omni
1646 2095 1877 2151 sensu
1914 2068 2327 2176 caruerint,
2369 2098 2499 2151 eo·
2585 2065 2590 2073 ’

634 2221 816 2279 rum
855 2195 1160 2312 aliquid
1197 2263 1218 2305 ,
1261 2228 1464 2314 quae
1537 2194 1853 2302 dixisti,
1922 2227 2286 2311 quaeque
2354 2227 2499 2309 ego

634 2326 794 2437 ipse
833 2325 1184 2433 subieci,
1224 2335 1512 2410 statum
1555 2321 1780 2411 nullo
1826 2323 2069 2409 modo
2111 2325 2497 2437 respicere

634 2453 1131 2567 popularem3
1177 2454 1761 2570 publicumque
1806 2454 1931 2559 sit,
1972 2477 2051 2535 et
2095 2454 2496 2539 notorium

634 2582 949 2665 nullum
986 2584 1202 2668 orbis
1246 2582 1639 2697 populum
1686 2582 1926 2695 magis
1956 2574 2515 2693 impatientem
2566 2590 2573 2597 ’

637 2742 799 2793 esse
843 2710 1117 2794 talium
1161 2742 1428 2797 rerum
1471 2743 1724 2829 quam
1770 2741 2014 2823 genus
2041 2776 2063 2816 ‚
2104 2734 2181 2793 et
2247 2740 2502 2824 popu-

640 2837 812 2922 lum
857 2837 1448 2946 Florentinum,
1489 2840 1676 2924 nolo
1717 2838 1942 2957 quod
1975 2870 2114 2923 nos
2146 2836 2502 2923 non‘tan·

637 2970 775 3083 git,
813 2967 1208 3085 quodque
1250 2968 1476 3053 nobis
1512 2998 1681 3052 non
1721 2971 2090 3087 imponis,
2134 2998 2280 3051 nec
2325 3000 2498 3081 pos-

637 3098 740 3179 sis
779 3098 1187 3211 imponere
1216 3164 1240 3205 ,
1281 3128 1459 3183 nam
1502 3121 1702 3182 esset
1747 3099 2076 3180 omnino
2129 3118 2505 3213 superva-

637 3213 1843 3345 cuum,excusare,relin'quoque
1873 3229 2026 3311 tuis
2053 3227 2395 3313 dominis
2423 3254 2501 3314 et

637 3356 994 3470 ipsorum
1033 3352 1393 3440 dominio
1420 3355 1653 3441 talem
1697 3380 1965 3442 notam
1992 3424 2016 3467 ,
2056 3357 2218 3441 sive
2258 3356 2499 3443 fuerit

641 3515 854 3570 unus
882 3488 1076 3591 ,cui
1118 3485 1292 3571 taiia
1332 3486 1703 3575 licuerint
1734 3556 1755 3596 ,
1796 3490 1963 3573 sive
2004 3494 2162 3573 sint
2218 3488 2500 3594 multi,

637 3618 808 3701 sive
839 3616 1130 3703 fuerint
1159 3619 1388 3704 etiam
1417 3620 1559 3740 qui
1591 3641 2105 3733 tyrannorum
2136 3619 2495 3703 omnium

639 3744 1198 3861 malignitatem
1237 3752 1705 3840 excesserint
1732 3817 1758 3862 ,
1796 3749 2361 3859 excusandam,
2403 3750 2496 3832 ti-
