2981 4742
699 328 801 409 7²

632 403 825 542 rem,
870 434 1206 546 honoris,
1235 437 1507 543 famae,
1537 440 1847 553 patriae,
1873 437 2460 553 sociorumque,

631 596 834 681 quos
874 564 1182 678 fugiens
1224 568 1611 681 prodidit,
1637 594 1870 684 atque
1899 569 2242 653 deseruit
2274 635 2292 655 .
2325 568 2462 651 At-

628 699 1009 807 tentavit,
1044 700 1258 782 enim
1280 766 1304 806 ,
1332 699 1890 815 rebellionem,
1918 729 2078 783 non
2109 698 2468 812 perfecit3

594 904 599 910 .
632 850 795 912 erat
834 830 912 913 in
956 828 1274 942 palatio,
1300 827 1519 944 quod
1553 828 2034 943 praesidium
2061 826 2466 943 quoddam

636 983 792 1065 est,
831 984 912 1044 et
958 992 1113 1044 non
1158 959 1556 1043 mediocre
1598 957 2110 1071 praesidium,
2163 988 2468 1067 magna·
2573 1023 2576 1029 .

580 1141 587 1159 ι
638 1078 903 1174 nimus
967 1087 1099 1171 ille
1137 1110 1347 1171 ‘tuus
1412 1086 1804 1201 proditor,
1867 1110 1980 1195 et,
2041 1087 2244 1171 sicut
2308 1109 2470 1169 erat

641 1218 883 1298 unius
912 1215 1267 1301 factionis
1294 1217 1660 1329 princeps
1679 1283 1700 1321 ,
1728 1213 2035 1321 ciamat,
2061 1236 2140 1297 et
2169 1214 2477 1297 invocat

644 1339 776 1425 ille
813 1374 1036 1453 suos,
1080 1343 1434 1433 hortatur
1471 1373 1750 1428 omnes
1817 1341 1918 1427 ad
1983 1340 2424 1444 libertatem
2454 1405 2479 1446 ,
2607 1446 2610 1449 ἢ

644 1472 745 1557 ad
788 1457 1199 1591 finemque
1242 1474 1755 1579 tributorum,
1781 1494 1863 1555 et
1890 1497 2254 1578 onerum,
2278 1500 2480 1586 quae

642 1602 1082 1713 gravissima
1102 1600 1644 1719 quidemsuut
1672 1599 1965 1685 malitia
1991 1600 2482 1711 temporum,
2536 1622 2543 1629 ·

650 1761 926 1815 omnes
965 1730 1404 1845 oppidanos
1432 1731 1734 1838 invitat,
1760 1728 2058 1846 quibus
2081 1727 2486 1840 cogitabat,

654 1881 744 1942 ut
782 1856 1011 1942 facile
1054 1881 1356 1971 poterat
1384 1925 1407 1966 ,
1444 1860 1747 1967 animos
1783 1855 2278 1940 audientium
2309 1885 2486 1970 per-

662 2009 1019 2071 movere.
1062 1982 1374 2071 Clamat
1400 2052 1424 2093 ,
1464 1988 1789 2101 inquam
1820 2051 1842 2092 ,
1883 1983 2014 2068 ille
2044 2050 2067 2091 ,
2111 1981 2288 2068 silet
2355 2015 2498 2099 po-

669 2112 966 2227 pulus,
1004 2138 1082 2199 et
1122 2138 1453 2231 utraque
1516 2114 1804 2222 factio,
1871 2112 2245 2225 depositis
2309 2142 2498 2197 con·
2585 2163 2589 2165 -

658 2244 915 2327 trariis
952 2243 1526 2329 dissensionum
1567 2242 1846 2355 studiis
1871 2308 1896 2351 ,
1933 2243 2016 2325 in
2045 2270 2297 2325 unum
2327 2272 2504 2326 coe-

662 2396 812 2456 unt
840 2439 862 2480 ,
907 2402 1118 2458 arma
1157 2398 1484 2458 sumunt
1515 2440 1538 2480 ,
1580 2370 1955 2486 palatium
1983 2368 2503 2479 circumdant,
2598 2398 2607 2408 ·

666 2527 744 2585 et
785 2501 1012 2588 illum
1053 2532 1387 2588 suorum
1430 2504 1972 2620 requirentem
2011 2497 2282 2608 fidem,
2321 2533 2499 2616 pro·

668 2630 1111 2715 mittentem
1152 2633 1527 2717 omnibus
1565 2631 1823 2716 omnia
1853 2695 1876 2738 ,
1917 2630 2178 2716 cuncti
2208 2628 2502 2714 clamo-

667 2757 892 2842 ribus
921 2746 1142 2872 ,igni
1172 2828 1195 2867 ,
1234 2762 1607 2877 ferroque
1648 2782 1974 2876 petunt,
2012 2758 2272 2873 palatii
2301 2790 2496 2873 pon-

671 2911 833 2971 tem
864 2954 887 2993 ,
926 2912 1005 2972 et
1046 2914 1350 3001 portam
1388 2890 1830 2976 incendunt
1857 2954 1877 2975 .
1928 2885 2071 2972 Ille
2098 2953 2122 2995 ,
2186 2887 2500 2974 dimissa

676 3019 1075 3102 sociorum
1120 3042 1367 3131 parte,
1407 3050 1549 3132 per
1590 3020 1982 3133 posticum
2028 3015 2268 3130 fugit.
2313 3018 2498 3102 Eie·
2565 3082 2572 3089 .

676 3167 830 3228 cta⁴
878 3171 1093 3260 peste
1122 3214 1147 3257 ,
1214 3146 1687 3263 sublatoque
1755 3145 2167 3261 periculo,
2229 3144 2499 3232 cuncti
2592 3140 2599 3145 ’

672 3269 962 3359 laetitia
1029 3277 1267 3362 simul
1345 3276 1782 3364 exultantes
1859 3277 2162 3390 superis
2237 3277 2506 3389 gratias

676 3427 971 3513 agunt,
1010 3405 1357 3504 dominis
1396 3407 1604 3513 suis,
1672 3435 1713 3488 a
1779 3405 2075 3521 quibus
2137 3404 2508 3518 petebant
2595 3444 2602 3448 ·

617 3607 623 3620 .
676 3532 1015 3642 auxilia,
1056 3565 1222 3619 rem
1262 3531 1750 3648 significant.
1803 3535 1915 3619 Et
1975 3532 2157 3651 quis
2222 3534 2305 3616 in
2374 3530 2505 3614 illa

466 3654 469 3656 ’
540 3709 546 3713 -
678 3691 947 3752 rerum
986 3667 1325 3758 novitate
1364 3665 1468 3783 de
1509 3688 1728 3754 tanto
1788 3663 2114 3780 populo
2157 3685 2533 3784 repertus,
