2981 4742
732 300 891 387 130
2484 401 2491 408 .

662 469 855 525 eum
886 442 1252 555 pollens,
1292 457 1375 523 et
1409 439 1667 537 fortis
1723 439 2146 523 exercitus
2203 462 2512 547 agrum

643 587 1028 672 ‚vestrum
1064 569 1507 684 populetur
1521 602 1563 671 ,·
1603 596 1793 649 cum
1833 582 2114 663 castra
2143 562 2507 645 hostium

658 702 753 782 in
794 704 1086 787 vestris
1118 701 1423 799 finibus
1464 698 1874 798 habeatis,
1917 724 2103 775 cum
2149 696 2317 774 iam
2363 692 2499 776 de-

657 831 907 943 nique
940 859 1097 929 pro
1164 834 1402 913 tectis
1428 892 1452 931 ,
1520 844 1602 911 et
1672 827 2099 912 moenibus
2162 831 2504 941 patriae

658 952 1203 1063 dimicaturi,
1272 958 1489 1068 pene
1567 953 1676 1039 de
1745 958 2010 1042 muris
2075 982 2511 1037 armorum

656 1094 1102 1200 strepitum
1144 1090 1555 1190 sentiatis,
1584 1083 1796 1199 quid
1817 1081 2138 1169 auditis
2165 1080 2272 1169 de
2301 1086 2509 1173 Gal-

662 1214 785 1301 lia
826 1217 980 1301 illa
1017 1216 1556 1327 transalpina
1582 1219 1632 1298 ἱ)

778 1330 1171 1456 Interroga
1205 1410 1227 1450 ‚
1266 1343 1492 1459 quod
1555 1341 1878 1455 propius
1945 1361 2062 1422 est
2091 1405 2113 1445 ‚
2155 1337 2358 1457 quid
2397 1339 2507 1425 fa·

646 1468 943 1557 ciamus
970 1538 991 1559 .
1072 1473 1536 1559 Resistimus
1561 1537 1599 1579 „
1651 1470 2142 1587 viriliterqqe
2215 1471 2499 1553 resisti-

648 1628 827 1685 mus
854 1668 877 1709 ‚
920 1599 1176 1685 hostes
1220 1598 1770 1714 propulsamus
1801 1664 1824 1701 ‚
1890 1599 2288 1679 sociorum
2357 1626 2488 1679 ve·

649 1749 995 1813 strorum
1036 1729 1339 1815 moenia
1378 1727 1862 1844 quotidianis
1906 1750 2294 1809 terremus
2360 1758 2492 1837 ag-

651 1861 1038 1970 gressibus
1068 1926 1091 1968 ,
1130 1859 1376 1952 duces
1418 1857 1785 1971 pollentis
1827 1854 2038 1950 illius
2064 1922 2087 1963 ,
2143 1882 2226 1941 et
2274 1854 2496 1945 fortis

644 1991 1037 2075 exereitus
1079 2020 1265 2077 cum
1306 1990 1664 2102 ipsorum
1703 1988 1949 2102 copiis
1977 2010 2366 2072 tentamus
2390 1984 2496 2069 ad

637 2119 955 2211 servitia
998 2142 1249 2203 nostra
1296 2117 1731 2224 traducere,
1775 2121 2132 2203 minuere
2166 2141 2491 2222 vestras,

638 2268 719 2330 et
759 2271 1053 2332 nostras
1093 2280 1374 2362 augere
1419 2250 1736 2363 copias3
1775 2230 1990 2335 soeio
2035 2232 2304 2333 nostro
2345 2247 2482 2347 do-

636 2376 859 2463 mino
898 2379 1331 2464 Mantuano
1376 2411 1760 2492 magnam,
1789 2403 1872 2465 et
1908 2379 2246 2463 validam
2277 2407 2492 2464 exer-

635 2504 835 2590 citus
874 2503 1120 2590 nestri
1164 2538 1487 2592 manum
1519 2574 1542 2616 ,
1583 2533 1664 2592 et
1707 2507 1986 2593 auxilia
2029 2509 2426 2594 sociorum
2455 2570 2480 2611 ,

635 2666 841 2752 quae
882 2638 1037 2722 iam
1102 2637 1205 2722 ad
1271 2671 1413 2723 nos
1480 2662 1995 2750 pervenerant
2025 2702 2048 2743 ‚
2115 2665 2488 2754 quaeque

572 2865 580 2872 ,
636 2763 978 2850 fideliter
1020 2766 1492 2872 veniebant,
1533 2797 1631 2851 ne
1671 2798 1758 2850 se
1817 2766 2230 2850 desertum
2299 2795 2479 2850 sen-

636 2897 776 2982 tiat
804 2963 829 3002 ‚
868 2895 1351 2988 destinamus
1378 2959 1399 2980 .
1440 2896 1608 2982 Iam
1651 2894 1960 2985 videbis
1989 2963 2012 3005 ,
2051 2890 2296 2981 finitis
2337 2895 2484 2978 do·
2563 2901 2567 2905 ’

631 3027 827 3110 mini
870 3028 987 3110 tui
1026 3025 1438 3138 stipendiis
1474 3093 1498 3135 ,
1537 3052 1956 3114 strenuum
1985 3028 2247 3112 virum
2277 3025 2480 3112 Pau-

636 3156 811 3242 lum
851 3157 1233 3243 Vrsinum
1262 3159 1597 3244 Romani
1627 3148 1952 3270 generis3
1981 3158 2486 3273 Guelfaeque

636 3285 1027 3399 dignitatis
1056 3352 1079 3393 ,
1120 3310 1200 3372 et
1241 3283 1433 3378 fidei
1481 3317 1940 3394 memorem,
1967 3313 2204 3373 castra
2235 3311 2488 3371 vestra

644 3416 1135 3533 relinquere,
1217 3440 1298 3502 et
1375 3446 1528 3530 pro
1607 3417 1831 3502 nobis
1907 3417 2280 3506 Romanis
2310 3481 2335 3524 ‚
2397 3439 2482 3500 et

635 3544 950 3632 Guelfis
990 3570 1259 3632 eontra
1302 3570 1556 3630 vestra
1593 3547 1804 3659 signa
1864 3577 2207 3660 pugnare
2237 3611 2258 3634 .
2317 3545 2482 3631 Iam

637 3673 947 3764 videbis
984 3699 1071 3782 et
1102 3673 1347 3762 alium
1398 3660 1756 3791 gentium
1823 3675 2258 3764 multarum
2323 3669 2477 3762 du-
