2981 4742
689 260 852 347 136

619 401 879 489 Miris
922 393 1231 483 deinde
1280 393 1545 481 modis
1609 397 1935 481 animos
1999 396 2452 485 Gallorum

615 546 913 641 suapte
952 540 1259 613 hatum
1300 525 1512 612 leves
1539 591 1564 632 ,
1601 556 1702 611 ac
1739 524 2113 611 tumidos
2149 528 2457 639 inflare

614 654 1003 763 student,
1058 659 1301 743 miris
1366 659 1888 745 ,suasionibus
1954 656 2450 763 adhortari,

612 792 691 873 si
726 792 1010 883 anniti
1041 815 1346 897 parum
1387 786 1674 891 velint,
1715 789 2028 873 venisse
2093 802 2451 898 tempus,

613 935 695 1006 et
736 936 1120 1030 apertam
1158 946 1333 999 esse
1370 920 1886 1023 occarionem
1910 980 1935 1021 ,
1981 946 2148 997 non
2189 918 2456 1001 solum

376 1129 393 1143 a
514 1048 519 1054 ’
612 1048 923 1135 Italiae
959 1040 1470 1158 capiendae,
1513 1045 1661 1130 sed
1698 1044 1816 1129 ad
1843 1074 2185 1129 manum
2216 1078 2457 1131 suam

616 1182 956 1289 imperii
1007 1175 1638 1281 transferendi,
1678 1194 1759 1265 et
1800 1177 1918 1262 ad
1963 1199 2262 1267 nutum
2292 1180 2455 1265 Ec-

616 1310 921 1393 clesiae
961 1304 1477 1419 redigendae
1505 1342 1548 1412 ,·
1614 1338 1786 1393 sese
1849 1337 2039 1391 cum
2114 1310 2392 1395 Ianua
2422 1375 2446 1414 ‚

614 1466 809 1522 cum
880 1440 1263 1518 maxima
1329 1435 1644 1521 Italiae
1703 1456 1952 1549 parte
2019 1470 2191 1525 esse
2270 1444 2451 1527 iam

616 1596 808 1651 suos
835 1602 863 1649 .·
904 1562 1121 1651 nihil
1156 1564 1599 1683 reliquum,
1637 1594 2022 1680 oppresso
2060 1564 2268 1653 duce
2301 1570 2460 1655 Li-·

610 1697 912 1807 guriae
939 1758 964 1799 ,
1001 1688 1227 1809 quod
1264 1712 1496 1779 terra
1524 1758 1550 1801 ,
1592 1699 1968 1815 marique
2009 1727 2207 1781 suae
2273 1726 2478 1783 mm·

609 1820 1050 1940 gnitudini
1086 1826 1351 1938 possit
1390 1826 1715 1911 obstare
1741 1823 2119 1931 ,·-ducem
2163 1843 2446 1915 autem

614 1959 885 2061 ipsum
915 2018 940 2062 ,
978 1985 1489 2073 quamquam
1531 1984 1938 2070 magnum
1979 1952 2310 2071 aliquid
2333 1959 2446 2038 οἰ-

537 2107 543 2113 ·
614 2074 924 2169 deatur
949 2148 973 2189 ‚
1006 2090 1285 2198 primo
1320 2085 1527 2170 belli
1589 2087 1904 2197 impetu
1971 2115 2145 2169 esse
2207 2080 2444 2169 casu-

610 2242 802 2297 rum
836 2276 857 2299 .
924 2215 1227 2333 Itaque
1294 2216 1590 2331 quibus
1647 2242 1960 2326 parum
2027 2229 2152 2297 est
2219 2216 2442 2326 spei,

598 2370 1010 2451 parumve
1031 2342 1363 2430 consilii
1376 2340 1498 2428 ad
1515 2343 1779 2428 solum
1791 2344 2138 2456 patriae
2157 2337 2351 2451 dese
2361 2374 2449 2428 n·

374 2479 382 2484 ’
500 2551 505 2556 .
602 2467 985 2583 dendum
1019 2539 1044 2580 ,
1084 2474 1437 2590 liberam
1478 2478 2076 2587 possessionem
2105 2472 2456 2579 ltaliae,

608 2619 867 2718 atque
892 2606 1119 2690 orbis
1146 2623 1426 2694 terrae
1446 2609 1892 2716 imperium
1915 2601 2452 2716 pollicentur.

717 2727 993 2814 Mirari
1068 2731 1245 2816 satis
1326 2762 1481 2816 uon
1563 2758 1886 2844 possum
1917 2794 1942 2838 ,
2005 2727 2450 2832 foedissima
2513 2783 2518 2792 -

600 2845 864 2942 bellua
893 2925 917 2967 ,
956 2860 1473 2946 temeritatem
1503 2929 1528 2970 ,
1565 2882 1643 2944 et
1705 2858 2116 2946 stultitiam
2182 2882 2398 2944 tuam
2429 2923 2456 2966 ,

510 2999 517 3003 ’
605 2985 751 3103 qui
830 2987 1023 3072 scias
1103 3018 1243 3072 nos
1319 3011 1512 3074 tune
1589 2986 1958 3074 habuisse
2023 2985 2318 3100 legatos
2374 2988 2474 3070 in.
2535 3031 2562 3052 ·

602 3115 936 3202 Francia
966 3182 990 3224 ,
1033 3119 1177 3236 qui
1245 3149 1402 3206 non
1472 3143 1690 3206 erant
1715 3187 1740 3228 ,
1803 3120 1944 3237 qui
2009 3118 2151 3204 tibi
2215 3113 2460 3228 fingas

600 3244 1003 3360 legationis
1031 3270 1338 3334 nostrae
1366 3247 1938 3367 formam‚quid
1968 3271 2196 3339 orent
2221 3245 2452 3360 legati

602 3376 871 3484 nostri,
906 3375 1109 3493 quid
1146 3402 1537 3485 enarrent,
1575 3381 1776 3496 quid
1817 3379 2171 3484 afferant,
2209 3373 2448 3494 quid·

600 3534 761 3622 que
802 3503 1344 3621 polliceantur,
1381 3531 1460 3593 et
1501 3531 1796 3622 petant,
1833 3531 1915 3593 et
1957 3505 2255 3594 nedum
2295 3501 2449 3592 fin·-

600 3665 727 3748 gas
752 3700 778 3744 ‚
813 3633 955 3721 sed
1020 3635 1427 3762 pueriliter
1454 3703 1479 3749 ,
1519 3660 1597 3726 et
1635 3634 2085 3726 stultissime
2149 3633 2393 3752 fingas
2421 3701 2443 3722 .
